% Abhinav Kumar, MSU, 2020
% Add sections between %==== lines
% Line gaps between: 
% Sections and next paper: 0
% Sections and prev paper: 1
% Papers: 1

%===============================================================================
% Monocular 3D Object Detection
%===============================================================================
@inproceedings{payet2011contours,
  title={From contours to {\threeD} object detection and pose estimation},
  author={Payet, Nadia and Todorovic, Sinisa},
  booktitle={ICCV},
  year={2011}
}

@inproceedings{fidler20123d,
  title={{\threeD} object detection and viewpoint estimation with a deformable  {\threeD} cuboid model},
  author={Fidler, Sanja and Dickinson, Sven and Urtasun, Raquel},
  booktitle={NeurIPS},
  year={2012}
}

@article{pepik2015multi,
  title={Multi-view and {\threeD} deformable part models},
  author={Pepik, Bojan and Stark, Michael and Gehler, Peter and Schiele, Bernt},
  journal={TPAMI},
  year={2015}
}

@inproceedings{chen2016monocular,
  title={Monocular {\threeD} object detection for autonomous driving},
  author={Chen, Xiaozhi and Kundu, Kaustav and Zhang, Ziyu and Ma, Huimin and Fidler, Sanja and Urtasun, Raquel},
  booktitle={CVPR},
  year={2016}
}

@inproceedings{chabot2017deep,
  title={Deep {MANTA}: A coarse-to-fine many-task network for joint {\twoD} and {\threeD} vehicle analysis from monocular image},
  author={Chabot, Florian and Chaouch, Mohamed and Rabarisoa, Jaonary and Teuliere, C{\'e}line and Chateau, Thierry},
  booktitle={CVPR},
  year={2017}
}

@inproceedings{qin2019monogrnet, 
  title={{MonoGRNet}: A Geometric Reasoning Network for {\threeD} Object Localization}, 
  author={Qin, Zengyi and Wang, Jinglu  and Lu, Yan},
  booktitle={AAAI},
  year={2019}
}

@inproceedings{ku2019monocular,
  title={Monocular {\threeD} object detection leveraging accurate proposals and shape reconstruction},
  author={Ku, Jason and Pon, Alex and Waslander, Steven},
  booktitle={CVPR},
  year={2019}
}

@inproceedings{manhardt2019roi,
  title={{Roi-$10$D}: Monocular lifting of {\twoD}  detection to {\sixD} pose and metric shape},
  author={Manhardt, Fabian and Kehl, Wadim and Gaidon, Adrien},
  booktitle={CVPR},
  year={2019}
}

@inproceedings{liu2019deep,
  title={Deep fitting degree scoring network for monocular {\threeD} object detection},
  author={Liu, Lijie and Lu, Jiwen and Xu, Chunjing and Tian, Qi and Zhou, Jie},
  booktitle={CVPR},
  year={2019}
}

@inproceedings{brazil2019m3d,
  title={{M{\threeD}-RPN}: Monocular {\threeD} region proposal network for object detection},
  author={Brazil, Garrick and Liu, Xiaoming},
  booktitle={ICCV},
  year={2019}
}

@inproceedings{simonelli2019disentangling,
  title={Disentangling monocular {\threeD} object detection},
  author={Simonelli, Andrea and Bul{\`o}, Samuel and Porzi, Lorenzo and L{\'o}pez-Antequera, Manuel and Kontschieder, Peter},
  booktitle={ICCV},
  year={2019}
}

@article{bao2019monofenet,
  title={{MonoFENet}: Monocular {\threeD} object detection with feature enhancement networks},
  author={Bao, Wentao and Xu, Bin and Chen, Zhenzhong},
  journal={IEEE Transactions on Image Processing},
  year={2019}
}

@article{zhou2019objects,
  title={Objects as points},
  author={Zhou, Xingyi and Wang, Dequan and Kr{\"a}henb{\"u}hl, Philipp},
  journal={arXiv preprint arXiv:1904.07850},
  year={2019}
}

@inproceedings{liu2020smoke,
  title={{SMOKE}: Single-Stage Monocular {\threeD} Object Detection via Keypoint Estimation},
  author={Liu, Zechen and Wu, Zizhang and T{\'o}th, Roland},
  booktitle={CVPR Workshops},
  year={2020}
}

@inproceedings{chen2020monopair,
  title={{MonoPair}: Monocular {\threeD} Object Detection Using Pairwise Spatial Relationships},
  author={Chen, Yongjian and Tai, Lei and Sun, Kai and Li, Mingyang},
  booktitle={CVPR},
  year={2020}
}

@inproceedings{li2020rtm3d,
  title={{RTM3D}: Real-time Monocular {\threeD} Detection from Object Keypoints for Autonomous Driving},
  author={Li, Peixuan and Zhao, Huaici and Liu, Pengfei and Cao, Feidao},
  booktitle={ECCV},
  year={2020}
}

@inproceedings{simonelli2020towards,
  title={Towards Generalization Across Depth for Monocular {\threeD} Object Detection},
  author={Simonelli, Andrea and Bul{\`o}, Samuel and Porzi, Lorenzo and Ricci, Elisa and Kontschieder, Peter},
  booktitle={ECCV},
  year={2020}
}

@inproceedings{brazil2020kinematic,
  title={Kinematic {\threeD} Object Detection in Monocular Video},
  author={Brazil, Garrick and Pons-Moll, Gerard and Liu, Xiaoming and Schiele, Bernt},
  booktitle={ECCV},
  year={2020}
}
  
@inproceedings{shi2020distance,
  title={Distance-Normalized Unified Representation for Monocular {\threeD} Object Detection},
  author={Shi, Xuepeng and Chen, Zhixiang and Kim, Tae-Kyun},
  booktitle={ECCV},
  year={2020}
}

@inproceedings{liu2020reinforced,
  title={Reinforced Axial Refinement Network for Monocular {\threeD} Object Detection},
  author={Liu, Lijie and Wu, Chufan and Lu, Jiwen and Xie, Lingxi and Zhou, Jie and Tian, Qi},
  booktitle={ECCV},
  year={2020}
}

@inproceedings{beker2020monocular,
  title={Monocular Differentiable Rendering for Self-Supervised {\threeD} Object Detection},
  author={Beker, Deniz and Kato, Hiroharu and Morariu, Mihai Adrian and Ando, Takahiro and Matsuoka, Toru and Kehl, Wadim and Gaidon, Adrien},
  booktitle={ECCV},
  year={2020}
}
  
@article{tang2020center3d,
  title={{Center{\threeD}}: Center-based Monocular {\threeD} Object Detection with Joint Depth Understanding},
  author={Tang, Yunlei and Dorn, Sebastian and Savani, Chiragkumar},
  journal={arXiv preprint arXiv:2005.13423},
  year={2020}
}

@article{simonelli2020disentangling,
  title={Disentangling Monocular {\threeD} Object Detection: From Single to Multi-Class Recognition},
  author={Simonelli, Andrea and Bul{\`o}, Samuel and Porzi, Lorenzo and Antequera, Manuel and Kontschieder, Peter},
  journal={TPAMI},
  year={2020}
}

@inproceedings{luo2021m3dssd,
  title={{M3DSSD}: Monocular {\threeD} Single Stage Object Detector},
  author={Luo, Shujie and Dai, Hang and Shao, Ling and Ding, Yong},
  booktitle={CVPR},
  year={2021}
}

@inproceedings{kumar2021groomed,
  title={{GrooMeD-NMS}: Grouped Mathematically Differentiable {NMS} for Monocular {\threeD} Object Detection},
  author={Kumar, Abhinav and Brazil, Garrick and Liu, Xiaoming},
  booktitle={CVPR},
  year={2021}
}

@inproceedings{chen2021monorun,
  title={{MonoRUn}: Monocular {\threeD} Object Detection by Reconstruction and Uncertainty Propagation},
  author={Chen, Hansheng and Huang, Yuyao and Tian, Wei and Gao, Zhong and Xiong, Lu},
  booktitle={CVPR},
  year={2021}
}

@inproceedings{ma2021delving,
  title={Delving into Localization Errors for Monocular {\threeD} Object Detection},
  author={Ma, Xinzhu and Zhang, Yinmin and Xu, Dan and Zhou, Dongzhan and Yi, Shuai and Li, Haojie and Ouyang, Wanli},
  booktitle={CVPR},
  year={2021}
}

@inproceedings{zhang2021objects,
  title={Objects are Different: Flexible Monocular {\threeD} Object Detection},
  author={Zhang, Yunpeng and Lu, Jiwen and Zhou, Jie},
  booktitle={CVPR},
  year={2021}
}

@article{zhou2021monoef,
  title={{MonoEF}: Extrinsic Parameter Free Monocular {\threeD} Object Detection},
  author={Zhou, Yunsong and He, Yuan and Zhu, Hongzi and Wang, Cheng and Li, Hongyang and Jiang, Qinhong},
  journal={TPAMI},
  year={2021}
}

@article{sugirtha2021exploring,
  title={Exploring {\twoD} data augmentation for {\threeD} monocular object detection},
  author={Thayalan-Vaz, Sugirtha and M, Sridevi and Santhakumar, Khailash and Ravi Kiran, B and Gauthier, Thomas and Yogamani, Senthil},
  journal={arXiv preprint arXiv:2104.10786},
  year={2021}
}

@article{lian2021geometry,
  title={Geometry-aware data augmentation for monocular {\threeD} object detection},
  author={Lian, Qing and Ye, Botao and Xu, Ruijia and Yao, Weilong and Zhang, Tong},
  journal={arXiv preprint arXiv:2104.05858},
  year={2021}
}

@article{liu2021ground,
  title={Ground-aware monocular {\threeD} object detection for autonomous driving},
  author={Liu, Yuxuan and Yixuan, Yuan and Liu, Ming},
  journal={Robotics and Automation Letters},
  year={2021}
}


@inproceedings{shi2021geometry,
  title={Geometry-based Distance Decomposition for Monocular {\threeD} Object Detection},
  author={Shi, Xuepeng and Ye, Qi and Chen, Xiaozhi and Chen, Chuangrong and Chen, Zhixiang and Kim, Tae-Kyun},
  booktitle={ICCV},
  year={2021}
}

@inproceedings{liu2021autoshape,
  title={{AutoShape}: Real-Time Shape-Aware Monocular {\threeD} Object Detection},
  author={Liu, Zongdai and Zhou, Dingfu and Lu, Feixiang and Fang, Jin and Zhang, Liangjun},
  booktitle={ICCV},
  year={2021}
}

@article{zhang2021learning,
  title={Learning Geometry-Guided Depth via Projective Modeling for Monocular {\threeD} Object Detection},
  author={Zhang, Yinmin and Ma, Xinzhu and Yi, Shuai and Hou, Jun and Wang, Zhihui and Ouyang, Wanli and Xu, Dan},
  journal={arXiv preprint arXiv:2107.13931},
  year={2021}
}

@inproceedings{lu2021geometry,
  title={Geometry Uncertainty Projection Network for Monocular {\threeD} Object Detection},
  author={Lu, Yan and Ma, Xinzhu and Yang, Lei and Zhang, Tianzhu and Liu, Yating and Chu, Qi and Yan, Junjie and Ouyang, Wanli},
  booktitle={ICCV},
  year={2021}
}

@inproceedings{wang2021fcos3d,
  title={{FCOS3D}: Fully Convolutional One-Stage Monocular {\threeD} Object Detection},
  author={Wang, Tai and Zhu, Xinge and Pang, Jiangmiao and Lin, Dahua},
  booktitle={ICCV Workshops},
  year={2021}
}

@inproceedings{wang2021probabilistic,
  title={Probabilistic and geometric depth: Detecting objects in perspective},
  author={Wang, Tai and Zhu, Xinge and Pang, Jiangmiao and Lin, Dahua},
  booktitle={CoRL},
  year={2021}
}

@article{ma20233d,
  title={{\threeD}  Object Detection from Images for Autonomous Driving: A Survey},
  author={Ma, Xinzhu and Ouyang, Wanli and Simonelli, Andrea and Ricci, Elisa},
  journal={TPAMI},
  year={2023}
}

@inproceedings{kumar2022deviant,
   title={{DEVIANT: Depth Equivariant Network} for Monocular {\threeD} Object Detection},
   author={Kumar, Abhinav and Brazil, Garrick and Corona, Enrique and Parchami, Armin and Liu, Xiaoming},
   booktitle={ECCV},
   year={2022}
}

@inproceedings{shi2023multivariate,
  title={Multivariate Probabilistic Monocular {\threeD} Object Detection},
  author={Shi, Xuepeng and Chen, Zhixiang and Kim, Tae-Kyun},
  booktitle={WACV},
  year={2023}
}

@inproceedings{min2023neurocs,
  title={{NeurOCS}: Neural {NOCS} Supervision for Monocular {\threeD} Object Localization},
  author={Min, Zhixiang and Zhuang, Bingbing and Schulter, Samuel and Liu, Buyu and Dunn, Enrique and Chandraker, Manmohan},
  booktitle={CVPR},
  year={2023}
}

@inproceedings{lee2023baam,
  title={{BAAM}: Monocular {\threeD} pose and shape reconstruction with bi-contextual attention module and attention-guided modeling},
  author={Lee, Hyo-Jun and Kim, Hanul and Choi, Su-Min and Jeong, Seong-Gyun and Koh, Yeong},
  booktitle={CVPR},
  year={2023}
}

@inproceedings{brazil2023omni3d,
  title={{Omni3D}: A Large Benchmark and Model for {\threeD} Object Detection in the Wild},
  author={Brazil, Garrick and Kumar, Abhinav and Straub, Julian and Ravi, Nikhila and Johnson, Justin and Gkioxari, Georgia},
  booktitle={CVPR},
  year={2023}
}

@inproceedings{xu2023mononerd,
  title={{MonoNeRD}: {NeRF}-like representations for monocular {\threeD} object detection},
  author={Xu, Junkai and Peng, Liang and Cheng, Haoran and Li, Hao and Qian, Wei and Li, Ke and Wang, Wenxiao and Cai, Deng},
  booktitle={ICCV},
  year={2023}
}

@inproceedings{liu2023monocular,
  title={Monocular {\threeD} Object Detection with Bounding Box Denoising in {\threeD} by Perceiver},
  author={Liu, Xianpeng and Zheng, Ce and Cheng, Kelvin and Xue, Nan and Qi, Guo-Jun and Wu, Tianfu},
  booktitle={ICCV},
  year={2023}
}

@inproceedings{zhang2023monodetr,
  title={{\monodetr}: Depth-guided Transformer for Monocular {\threeD} Object Detection},
  author={Zhang, Renrui and Qiu, Han and Wang, Tai and Xu, Xuanzhuo and Guo, Ziyu and Qiao, Yu and Gao, Peng and Li, Hongsheng},
  booktitle={ICCV},
  year={2023}
}

@inproceedings{ma2023towards,
  title={Towards Fair and Comprehensive Comparisons for Image-Based {\threeD} Object Detection},
  author={Ma, Xinzhu and Wang, Yongtao and Zhang, Yinmin and Xia, Zhiyi and Meng, Yuan and Wang, Zhihui and Li, Haojie and Ouyang, Wanli},
  booktitle={ICCV},
  year={2023}
}

@inproceedings{jia2023monouni,
  title={{MonoUNI}: A Unified Vehicle and Infrastructure-side Monocular {\threeD} Object Detection Network with Sufficient Depth Clues},
  author={Jia, Jinrang and Li, Zhenjia and Shi, Yifeng},
  booktitle={NeurIPS},
  year={2023}
}

@inproceedings{choi2023depth,
  title={Depth-discriminative Metric Learning for Monocular {\threeD} Object Detection},
  author={Choi, Wonhyeok and Shin, Mingyu and Im, Sunghoon},
  booktitle={NeurIPS},
  year={2023}
}

@inproceedings{li2024unimode,
  title={UniMODE: Unified Monocular {\threeD} Object Detection},
  author={Li, Zhuoling and Xu, Xiaogang and Lim, SerNam and Zhao, Hengshuang},
  booktitle={CVPR},
  year={2024}
}

@inproceedings{kumar2024seabird,
   title={SeaBird: Segmentation in Bird's View with Dice Loss Improves Monocular {\threeD} Detection of Large Objects},
   author={Kumar, Abhinav and Guo, Yuliang and Huang, Xinyu and Ren, Liu and Liu, Xiaoming},
   booktitle={CVPR},
   year={2024}
}


%===============================================================================
% 3D with 2D BEV Object Detection
%===============================================================================
@article{ma2022vision,
  title={Vision-centric {\bev} perception: A survey},
  author={Ma, Yuexin and Wang, Tai and Bai, Xuyang and Yang, Huitong and Hou, Yuenan and Wang, Yaming and Qiao, Yu and Yang, Ruigang and Manocha, Dinesh and Zhu, Xinge},
  journal={arXiv preprint arXiv:2208.02797},
  year={2022}
}

@article{feng2022aedet,
  title={{AEDet}: Azimuth-invariant Multi-view {\threeD} Object Detection},
  author={Feng, Chengjian and Jie, Zequn and Zhong, Yujie and Chu, Xiangxiang and Ma, Lin},
  journal={arXiv preprint arXiv:2211.12501},
  year={2022}
}


%===============================================================================
% 3D with 2D BEV + Lidar
%===============================================================================
@inproceedings{reading2021categorical,
  title={Categorical depth distribution network for monocular {\threeD} object detection},
  author={Reading, Cody and Harakeh, Ali and Chae, Julia and Waslander, Steven},
  booktitle={CVPR},
  year={2021}
}

@article{huang2021bevdet,
  title={{BEVDet}: High-performance multi-camera {\threeD} object detection in bird-eye-view},
  author={Huang, Junjie and Huang, Guan and Zhu, Zheng and Ye, Yun and Du, Dalong},
  journal={arXiv preprint arXiv:2112.11790},
  year={2021}
}

%===============================================================================
% 3D with 2D BEV + Video Object Detection + Lidar
%===============================================================================
@article{luo2022detr4d,
  title={{DETR4D}: Direct Multi-View {\threeD} Object Detection with Sparse Attention},
  author={Luo, Zhipeng and Zhou, Changqing and Zhang, Gongjie and Lu, Shijian},
  journal={arXiv preprint arXiv:2212.07849},
  year={2022}
}

@article{huang2022bevdet4d,
  title={{\bevDetFourD}: Exploit Temporal Cues in Multi-camera {\threeD} Object Detection},
  author={Huang, Junjie and Huang, Guan},
  journal={arXiv preprint arXiv:2203.17054},
  year={2022}
}

@inproceedings{doll2022spatialdetr,
  title={{SpatialDETR}: Robust scalable transformer-based {\threeD} object detection from multi-view camera images with global cross-sensor attention},
  author={Doll, Simon and Schulz, Richard and Schneider, Lukas and Benzin, Viviane and Enzweiler, Markus and Lensch, Hendrik},
  booktitle={ECCV},
  year={2022}
}

@inproceedings{liu2022petr,
  title={{PETR}: Position embedding transformation for multi-view {\threeD} object detection},
  author={Liu, Yingfei and Wang, Tiancai and Zhang, Xiangyu and Sun, Jian},
  booktitle={ECCV},
  year={2022}
}

@inproceedings{li2022unifying,
  title={Unifying voxel-based representation with transformer for {\threeD} object detection},
  author={Li, Yanwei and Chen, Yilun and Qi, Xiaojuan and Li, Zeming and Sun, Jian and Jia, Jiaya},
  booktitle={NeurIPS},
  year={2022}
}

@article{chu2023oabev,
  title={{OA-BEV}: Bringing Object Awareness to Bird's-Eye-View Representation for Multi-Camera {\threeD} Object Detection},
  author={Chu, Xiaomeng and Deng, Jiajun and Zhao, Yuan and Ji, Jianmin and Zhang, Yu and Li, Houqiang and Zhang, Yanyong},
  journal={arXiv preprint arXiv:2301.05711},
  year={2023}
}

@article{zhang2023dabev,
  title={{DA-BEV}: Depth Aware {\bev} Transformer for {\threeD} Object Detection},
  author={Zhang, Hao and Li, Hongyang and Liao, Xingyu and Li, Feng and Liu, Shilong and Ni, Lionel and Zhang, Lei},
  journal={arXiv preprint arXiv:2302.13002},
  year={2023}
}

@inproceedings{jiang2023polarformer,
  title={Polarformer: Multi-camera {\threeD} object detection with polar transformers},
  author={Jiang, Yanqin and Zhang, Li and Miao, Zhenwei and Zhu, Xiatian and Gao, Jin and Hu, Weiming and Jiang, Yu-Gang},
  booktitle={AAAI},
  year={2023}
}

@inproceedings{li2023bevdepth,
  title={{BEVDepth}: Acquisition of Reliable Depth for Multi-view {\threeD} Object Detection},
  author={Li, Yinhao and Ge, Zheng and Yu, Guanyi and Yang, Jinrong and Wang, Zengran and Shi, Yukang and Sun, Jianjian and Li, Zeming},
  booktitle={AAAI},
  year={2023}
}

@inproceedings{park2022time,
  title={Time Will Tell: New Outlooks and A Baseline for Temporal Multi-View {\threeD} Object Detection},
  author={Park, Jinhyung and Xu, Chenfeng and Yang, Shijia and Keutzer, Kurt and Kitani, Kris and Tomizuka, Masayoshi and Zhan, Wei},
  booktitle={ICLR},
  year={2023}
}

@inproceedings{chen2023viewpoint,
  title={Viewpoint Equivariance for Multi-View {\threeD} Object Detection},
  author={Chen, Dian and Li, Jie and Guizilini, Vitor and Ambrus, Rares Andrei and Gaidon, Adrien},
  booktitle={CVPR},
  year={2023}
}

@inproceedings{he20233d,
  title={{\threeD} Video Object Detection with Learnable Object-Centric Global Optimization},
  author={He, Jiawei and Chen, Yuntao and Wang, Naiyan and Zhang, Zhaoxiang},
  booktitle={CVPR},
  year={2023}
}

@inproceedings{xiong2023cape,
  title={{\cape}: Camera view position embedding for multi-view {\threeD} object detection},
  author={Xiong, Kaixin and Gong, Shi and Ye, Xiaoqing and Tan, Xiao and Wan, Ji and Ding, Errui and Wang, Jingdong and Bai, Xiang},
  booktitle={CVPR},
  year={2023}
}

@inproceedings{wang2023frustumformer,
  title={{FrustumFormer}: Adaptive Instance-aware Resampling for Multi-view {\threeD} Detection},
  author={Wang, Yuqi and Chen, Yuntao and Zhang, Zhaoxiang},
  booktitle={CVPR},
  year={2023}
}

@inproceedings{klingner2023x3kd,
  title={{X3KD}: Knowledge Distillation Across Modalities, Tasks and Stages for Multi-Camera {\threeD} Object Detection},
  author={Klingner, Marvin and Borse, Shubhankar and Kumar, Varun Ravi and Rezaei, Behnaz and Narayanan, Venkatraman and Yogamani, Senthil and Porikli, Fatih},
  booktitle={CVPR},
  year={2023}
}

@inproceedings{li2023fast,
  title={{Fast-BEV}: A Fast and Strong Bird's-Eye View Perception Baseline},
  author={Li, Yangguang and Huang, Bin and Chen, Zeren and Cui, Yufeng and Liang, Feng and Shen, Mingzhu and Liu, Fenggang and Xie, Enze and Sheng, Lu and Ouyang, Wanli and Shao, Jing},
  booktitle={NeurIPS Workshops},
  year={2023}
}

@inproceedings{yang2023parametric,
  title={Parametric Depth Based Feature Representation Learning for Object Detection and Segmentation in Bird's-Eye View},
  author={Yang, Jiayu and Xie, Enze and Liu, Miaomiao and Alvarez, Jose},
  booktitle={ICCV},
  year={2023}
}

@inproceedings{wang2023object,
  title={{Object as Query}: Lifting Any {\twoD} Object Detector to {\threeD} Detection},
  author={Wang, Zitian and Huang, Zehao and Fu, Jiahui and Wang, Naiyan and Liu, Si},
  booktitle={ICCV},
  year={2023}
}

@inproceedings{kim2023predict,
  title={{Predict to Detect}: Prediction-guided {\threeD} Object Detection using Sequential Images},
  author={Kim, Sanmin and Kim, Youngseok and Lee, In-Jae and Kum, Dongsuk},
  booktitle={ICCV},
  year={2023}
}

@inproceedings{liu2023petrv2,
  title={{PETRv2}: A unified framework for {\threeD} perception from multi-camera images},
  author={Liu, Yingfei and Yan, Junjie and Jia, Fan and Li, Shuailin and Gao, Qi and Wang, Tiancai and Zhang, Xiangyu and Sun, Jian},
  booktitle={ICCV},
  year={2023}
}

@inproceedings{wang2023stream,
  title={{StreamPETR}: Exploring Object-Centric Temporal Modeling for Efficient Multi-View {\threeD} Object Detection},
  author={Wang, Shihao and Liu, Yingfei and Wang, Tiancai and Li, Ying and Zhang, Xiangyu},
  booktitle={ICCV},
  year={2023}
}

@inproceedings{wang2023distillbev,
  title={{DistillBEV}: Boosting Multi-Camera {\threeD} Object Detection with Cross-Modal Knowledge Distillation},
  author={Wang, Zeyu and Li, Dingwen and Luo, Chenxu and Xie, Cihang and Yang, Xiaodong},
  booktitle={ICCV},
  year={2023}
}

@inproceedings{liu2023sparsebev,
  title={{SparseBEV}: High-Performance Sparse {\threeD} Object Detection from Multi-Camera Videos},
  author={Liu, Haisong Liu and Teng, Yao Teng and Tao Lu and Haiguang Wang and Limin Wang},
  booktitle={ICCV},
  year={2023}
}

@inproceedings{li2023fbbev,
  title={{FB-BEV}: {\bev} representation from forward-backward view transformations},
  author={Li, Zhiqi and Yu, Zhiding and Wang, Wenhai and Anandkumar, Anima and Lu, Tong and Alvarez, Jose},
  booktitle={ICCV},
  year={2023}
}

@inproceedings{shu2023dppe,
  title={{\threeDPPE}: {\threeD} Point Positional Encoding for Multi-Camera {\threeD} Object Detection Transformers},
  author={Shu, Changyong and Yu, Fisher and Liu, Yifan},
  booktitle={ICCV},
  year={2023}
}

@inproceedings{zong2023hop,
  title={Temporal Enhanced Training of Multi-view {\threeD} Object Detector via Historical Object Prediction},
  author={Zong, Zhuofan and Jiang, Dongzhi and Song, Guanglu and Xue, Zeyue and Su, Jingyong and Li, Hongsheng and Liu, Yu},
  booktitle={ICCV},
  year={2023},
}

@inproceedings{jang2023stxd,
  title={{STXD}: Structural and Temporal Cross-Modal Distillation for Multi-View {\threeD} Object Detection},
  author={Jang, Sujin and Jo, Dae Ung and Hwang, Sung Ju and Lee, Dongwook and Ji, Daehyun},
  booktitle={NeurIPS},
  year={2023}
}

@inproceedings{kumar2024seabird,
   title={{SeaBird}: Segmentation in Bird's View with Dice Loss Improves Monocular {\threeD} Detection of Large Objects},
   author={Kumar, Abhinav and Guo, Yuliang and Huang, Xinyu and Ren, Liu and Liu, Xiaoming},
   booktitle={CVPR},
   year={2024}
}

%===============================================================================
% 3D with 2D BEV + Video Object Detection + Stereo
%===============================================================================
@inproceedings{wang2022sts,
  title={{STS}: Surround-view temporal stereo for multi-view {\threeD} detection},
  author={Wang, Zengran and Min, Chen and Ge, Zheng and Li, Yinhao and Li, Zeming and Yang, Hongyu and Huang, Di},
  booktitle={AAAI},
  year={2023}
}

@inproceedings{li2023bevstereo,
  title={{BEVStereo}: Enhancing depth estimation in multi-view {\threeD} object detection with dynamic temporal stereo},
  author={Li, Yinhao and Bao, Han and Ge, Zheng and Yang, Jinrong and Sun, Jianjian and Li, Zeming},
  booktitle={AAAI},
  year={2023}
}


%===============================================================================
% Joint BEV Segmentation + Detection
%===============================================================================
@article{xie2022m2bev,
  title={{M\^{2}BEV}: Multi-camera joint {\threeD} detection and segmentation with unified birds-eye view representation},
  author={Xie, Enze and Yu, Zhiding and Zhou, Daquan and Philion, Jonah and Anandkumar, Anima and Fidler, Sanja and Luo, Ping and Alvarez, Jose},
  journal={arXiv preprint arXiv:2204.05088},
  year={2022}
}

@article{zhang2022beverse,
  title={{BEVerse}: Unified perception and prediction in birds-eye-view for vision-centric autonomous driving},
  author={Zhang, Yunpeng and Zhu, Zheng and Zheng, Wenzhao and Huang, Junjie and Huang, Guan and Zhou, Jie and Lu, Jiwen},
  journal={arXiv preprint arXiv:2205.09743},
  year={2022}
}

@inproceedings{li2022bevformer,
  title={{BEVFormer}: Learning Bird’s-Eye-View Representation from Multi-Camera Images via Spatiotemporal Transformers},
  author={Li, Zhiqi and Wang, Wenhai and Li, Hongyang and Xie, Enze and Sima, Chonghao and Lu, Tong and Qiao, Yu and Dai, Jifeng},
  booktitle={ECCV},
  year={2022}
}

@inproceedings{zhang2023sabev,
  title={{\saBEV}: Generating Semantic-Aware Bird's-Eye-View Feature for Multi-view {\threeD} Object Detection},
  author={Zhang, Jinqing and Zhang, Yanan and Liu, Qingjie and Wang, Yunhong},
  booktitle={ICCV},
  year={2023},
}

@article{wang2023segmentation,
  title={Segmentation Can Aid Detection: Segmentation-Guided Single Stage Detection for {\threeD} Point Cloud},
  author={Wang, Xueqing and Zhang, Diankun and Niu, Haoyu and Liu, Xiaojun},
  journal={Electronics},
  year={2023},
}

@article{yang2023lidar,
  title={{\lidar}-Based {\threeD} Object Detection via Hybrid {\twoD} Semantic Scene Generation},
  author={Yang, Haitao and Zhang, Zaiwei and Huang, Xiangru and Bai, Min and Song, Chen and Sun, Bo and Li, Li Erran and Huang, Qixing},
  journal={arXiv preprint arXiv:2304.01519},
  year={2023}
}

%===============================================================================
% BEV Semantic Segmentation
%===============================================================================
@inproceedings{roddick2020predicting,
  title={Predicting semantic map representations from images using pyramid occupancy networks},
  author={Roddick, Thomas and Cipolla, Roberto},
  booktitle={CVPR},
  year={2020}
}

@inproceedings{philion2020lift,
  title={Lift, splat, shoot: Encoding images from arbitrary camera rigs by implicitly unprojecting to {\threeD}},
  author={Philion, Jonah and Fidler, Sanja},
  booktitle={ECCV},
  year={2020},
}

@article{pan2020cross,
  title={Cross-view semantic segmentation for sensing surroundings},
  author={Pan, Bowen and Sun, Jiankai and Leung, Ho and Andonian, Alex and Zhou, Bolei},
  journal={RAL},
  year={2020}
}

@inproceedings{chitta2021neat,
  title={{NEAT}: Neural attention fields for end-to-end autonomous driving},
  author={Chitta, Kashyap and Prakash, Aditya and Geiger, Andreas},
  booktitle={ICCV},
  year={2021}
}

@inproceedings{hu2021fiery,
  title={{FIERY}: future instance prediction in bird's-eye view from surround monocular cameras},
  author={Hu, Anthony and Murez, Zak and Mohan, Nikhil and Dudas, Sof{\'\i}a and Hawke, Jeffrey and Badrinarayanan, Vijay and Cipolla, Roberto and Kendall, Alex},
  booktitle={ICCV},
  year={2021}
}

@inproceedings{saha2022translating,
  title={Translating images into maps},
  author={Saha, Avishkar and Mendez, Oscar and Russell, Chris and Bowden, Richard},
  booktitle={ICRA},
  year={2022}
}

@inproceedings{harley2022simple,
  title={{Simple-BEV}: What Really Matters for Multi-Sensor {\bev} Perception?},
  author={Harley, Adam and Fang, Zhaoyuan and Li, Jie and Ambrus, Rares and Fragkiadaki, Katerina},
  booktitle={CoRL},
  year={2022}
} 

@inproceedings{zhou2022cross,
  title={Cross-view transformers for real-time map-view semantic segmentation},
  author={Zhou, Brady and Kr{\"a}henb{\"u}hl, Philipp},
  booktitle={CVPR},
  year={2022}
}

@inproceedings{peng2023bevsegformer,
  title={{BEVSegFormer}: Bird's Eye View Semantic Segmentation From Arbitrary Camera Rigs},
  author={Peng, Lang and Chen, Zhirong and Fu, Zhangjie and Liang, Pengpeng and Cheng, Erkang},
  booktitle={WACV},
  year={2023}
}

@inproceedings{borse2023x,
  title={{X-Align}: Cross-Modal Cross-View Alignment for Bird's-Eye-View Segmentation},
  author={Borse, Shubhankar and Klingner, Marvin and Kumar, Varun and Cai, Hong and Almuzairee, Abdulaziz and Yogamani, Senthil and Porikli, Fatih},
  booktitle={WACV},
  year={2023}
}

%===============================================================================
% 2.5D Object Detection
%===============================================================================
@inproceedings{ding2020learning,
  title={Learning depth-guided convolutions for monocular {\threeD} object detection},
  author={Ding, Mingyu and Huo, Yuqi and Yi, Hongwei and Wang, Zhe and Shi, Jianping and Lu, Zhiwu and Luo, Ping},
  booktitle={CVPR Workshops},
  year={2020}
}

@inproceedings{ye2020monocular,
  title={Monocular {\threeD} Object Detection via Feature Domain Adaptation},
  author={Ye, Xiaoqing and Du, Liang and  Shi, Yifeng and Li, Yingying and Tan, Xiao and Feng, Jianfeng and Ding, Errui and Wen, Shilei},
  booktitle={ECCV},
  year={2020}
}

@inproceedings{wang2021depth,
  title={Depth-conditioned Dynamic Message Propagation for Monocular {\threeD} Object Detection},
  author={Wang, Li and Du, Liang and Ye, Xiaoqing and Fu, Yanwei and Guo, Guodong and Xue, Xiangyang and Feng, Jianfeng and Zhang, Li},
  booktitle={CVPR},
  year={2021}
}

@inproceedings{zou2021devil,
  title={The Devil Is in the Task: Exploiting Reciprocal Appearance-Localization Features for Monocular {\threeD} Object Detection},
  author={Zou, Zhikang and Ye, Xiaoqing and Du, Liang and Cheng, Xianhui and Tan, Xiao and Zhang, Li and Feng, Jianfeng and Xue, Xiangyang and Ding, Errui},
  booktitle={ICCV},
  year={2021}
}

@inproceedings{wang2021detr3d,
   title={{DETR3D}: {\threeD} Object Detection from Multi-view Images via {\threeD}-to-{\twoD} Queries},
   author={Wang, Yue and Guizilini, Vitor and Zhang, Tianyuan and Wang, Yilun and Zhao, Hang and Solomon, Justin},
   booktitle={CoRL},
   year={2021}
}

@inproceedings{wang2021progressive,
  title={Progressive Coordinate Transforms for Monocular {\threeD} Object Detection},
  author={Li Wang and Li Zhang and Yi Zhu and Zhi Zhang and Tong He and Mu Li and Xiangyang Xue},
  booktitle={NeurIPS},
  year={2021}
}

@inproceedings{chong2022monodistill,
   title={{MonoDistill}: Learning Spatial Features for Monocular {\threeD} Object Detection},
   author={Zhiyu Chong and Xinzhu Ma and Hong Zhang and Yuxin Yue and Haojie Li and Zhihui Wang and Wanli Ouyang},
   booktitle={ICLR},
   year={2022}
}

@inproceedings{liu2022learning,
  title={Learning Auxiliary Monocular Contexts Helps Monocular {\threeD} Object Detection},
  author={Liu, Xianpeng and Xue, Nan and Wu, Tianfu},
   booktitle={AAAI},
  year={2022}
}

@inproceedings{huang2022monodtr,
  title={{MonoDTR}: Monocular {\threeD} object detection with depth-aware transformer},
  author={Huang, Kuan-Chih and Wu, Tsung-Han and Su, Hung-Ting and Hsu, Winston},
  booktitle={CVPR},
  year={2022}
}

%===============================================================================
% Pseudo-Lidar Object Detection
%===============================================================================
@inproceedings{wang2019pseudo,
  title={Pseudo-{\lidar} from visual depth estimation: Bridging the gap in {\threeD} object detection for autonomous driving},
  author={Wang, Yan and Chao, Wei-Lun and Garg, Divyansh and Hariharan, Bharath and Campbell, Mark and Weinberger, Kilian},
  booktitle={CVPR},
  year={2019}
}

@inproceedings{ma2019accurate,
  title={Accurate monocular {\threeD} object detection via color-embedded {\threeD} reconstruction for autonomous driving},
  author={Ma, Xinzhu and Wang, Zhihui and Li, Haojie and Zhang, Pengbo and Ouyang, Wanli and Fan, Xin},
  booktitle={ICCV},
  year={2019}
}

@inproceedings{ma2020rethinking,
  title={Rethinking {\pseudoLidar} representation},
  author={Ma, Xinzhu and Liu, Shinan and Xia, Zhiyi and Zhang, Hongwen and Zeng, Xingyu and Ouyang, Wanli},
  booktitle={ECCV},
  year={2020}
}

@inproceedings{simonelli2021we,
  title={Are We Missing Confidence in {\pseudoLidar} Methods for Monocular {\threeD} Object Detection?},
  author={Simonelli, Andrea and Bul{\`o}, Samuel and Porzi, Lorenzo and Kontschieder, Peter and Ricci, Elisa},
  booktitle={ICCV},
  year={2021}
}

@inproceedings{park2021pseudo,
  title={Is {\pseudoLidar} needed for Monocular {\threeD} Object detection?},
  author={Park, Dennis and Ambrus, Rares and Guizilini, Vitor and Li, Jie and Gaidon, Adrien},
  booktitle={ICCV},
  year={2021}
}

@inproceedings{liu2021voxel,
  title={Voxel-based {\threeD} Detection and Reconstruction of Multiple Objects from a Single Image},
  author={Liu, Feng and Liu, Xiaoming},
  booktitle={NeurIPS},
  year={2021}
}

%===============================================================================
% Radar-Camera 3D Object Detection
%===============================================================================
@inproceedings{long2023radiant, 
  title={{RADIANT}: {RAD}ar {I}mage {A}ssociation {N}etwork for {\threeD} Object Detection},
  author={Long, Yunfei and Kumar, Abhinav and Morris, Daniel and Liu, Xiaoming and Castro, Marcos and Chakravarty, Punarjay},
  booktitle={AAAI},
  year={2023}
}

%===============================================================================
% Lidar 3D Object Detection
%===============================================================================
@inproceedings{chen2017multi,
  title={Multi-view {\threeD} object detection network for autonomous driving},
  author={Chen, Xiaozhi and Ma, Huimin and Wan, Ji and Li, Bo and Xia, Tian},
  booktitle={CVPR},
  year={2017}
}

@inproceedings{shi2019pointrcnn,
  title={{PointRCNN}: {\threeD} object proposal generation and detection from point cloud},
  author={Shi, Shaoshuai and Wang, Xiaogang and Li, Hongsheng},
  booktitle={CVPR},
  year={2019}
}

@inproceedings{wang2019frustum,
  title={{Frustum ConvNet}: Sliding frustums to aggregate local point-wise features for amodal   {\threeD} object  detection},
  author={Wang, Zhixin and Jia, Kui},
  booktitle={IROS},
  year={2019}
}

@inproceedings{li2019gs3d,
  title={{GS{\threeD}}: An efficient {\threeD} object detection framework for autonomous driving},
  author={Li, Buyu and Ouyang, Wanli and Sheng, Lu and Zeng, Xingyu and Wang, Xiaogang},
  booktitle={CVPR},
  year={2019}
}

@inproceedings{zhu2019class,
  title={Class-balanced grouping and sampling for point cloud {\threeD} object detection},
  author={Zhu, Benjin and Jiang, Zhengkai and Zhou, Xiangxin and Li, Zeming and Yu, Gang},
  booktitle={CVPR Workshop},
  year={2019}
}

@inproceedings{yang2019std,
  title={{STD}: Sparse-to-dense {\threeD} object detector for point cloud},
  author={Yang, Zetong and Sun, Yanan and Liu, Shu and Shen, Xiaoyong and Jia, Jiaya},
  booktitle={ICCV},
  year={2019}
}

@inproceedings{qi2019deep,
  title={Deep hough voting for {\threeD} object detection in point clouds},
  author={Qi, Charles and Litany, Or and He, Kaiming and Guibas, Leonidas},
  booktitle={ICCV},
  year={2019}
}

@article{ye2020sarpnet,
  title={{SARPNET}: Shape attention regional proposal network for {\lidar}-based {\threeD} object detection},
  author={Ye, Yangyang and Chen, Houjin and Zhang, Chi and Hao, Xiaoli and Zhang, Zhaoxiang},
  journal={Neurocomputing},
  year={2020}
}

@inproceedings{wu2020motionnet,
  title={{MotionNet}: Joint Perception and Motion Prediction for Autonomous Driving Based on Bird's Eye View Maps},
  author={Wu, Pengxiang and Chen, Siheng and Metaxas, Dimitris},
  booktitle={CVPR},
  year={2020}
}

@inproceedings{hu2020you,
  title={What you see is what you get: Exploiting visibility for {\threeD} object detection},
  author={Hu, Peiyun and Ziglar, Jason and Held, David and Ramanan, Deva},
  booktitle={CVPR},
  year={2020}
}

@inproceedings{huang2020epnet,
  title={{EPNet}: Enhancing Point Features with Image Semantics for {\threeD} Object Detection},
  author={Huang, Tengteng and Liu, Zhe and Chen, Xiwu and Bai, Xiang},
  booktitle={ECCV},
  year={2020}
}

@inproceedings{wang2020train,
  title={Train in {G}ermany, test in the {USA}: Making {\threeD} object detectors generalize},
  author={Wang, Yan and Chen, Xiangyu and You, Yurong and Li, Li and Hariharan, Bharath and Campbell, Mark and Weinberger, Kilian and Chao, Wei-Lun},
  booktitle={CVPR},
  year={2020}
}

@inproceedings{yin2021center,
  title={Center-based {\threeD} Object Detection and Tracking},
  author={Yin, Tianwei and Zhou, Xingyi and Kr{\"{a}}henb{\"{u}}hl, Philipp},
  booktitle={CVPR},
  year={2021}
}

@inproceedings{fan2022fully,
  title={Fully sparse {\threeD} object detection},
  author={Fan, Lue and Wang, Feng and Wang, Naiyan and Zhang, Zhao},
  booktitle={NeurIPS},
  year={2022}
}

%===============================================================================
% 3D Other modality detection
%===============================================================================
@inproceedings{li2019stereo,
  title={Stereo {R-CNN} based {\threeD} object detection for autonomous driving},
  author={Li, Peiliang and Chen, Xiaozhi and Shen, Shaojie},
  booktitle={CVPR},
  year={2019}
}

@inproceedings{Chen2020DSGN,
  title={{DSGN: D}eep Stereo Geometry Network for {\threeD} Object Detection},
  author={Chen, Yilun and Liu, Shu and Shen, Xiaoyong and Jia, Jiaya},
  booktitle={CVPR},
  year={2020}
}

%===============================================================================
% Out of Distribution Generalization
%===============================================================================
@inproceedings{zhu2023understanding,
  title={Understanding the Robustness of {\threeD} Object Detection With Bird's-Eye-View Representations in Autonomous Driving},
  author={Zhu, Zijian and Zhang, Yichi and Chen, Hai and Dong, Yinpeng and Zhao, Shu and Ding, Wenbo and Zhong, Jiachen and Zheng, Shibao},
  booktitle={CVPR},
  year={2023}
}

@inproceedings{dong2023benchmarking,
  title={Benchmarking Robustness of {\threeD} Object Detection to Common Corruptions},
  author={Dong, Yinpeng and Kang, Caixin and Zhang, Jinlai and Zhu, Zijian and Wang, Yikai and Yang, Xiao and Su, Hang and Wei, Xingxing and Zhu, Jun},
  booktitle={CVPR},
  year={2023}
}

@inproceedings{tzofi2023towards,
  title={Towards Viewpoint Robustness in {Bird's Eye View} Segmentation},
  author={Klinghoffer, Tzofi and Philion, Jonah and Chen, Wenzheng and Litany, Or and Gojcic, Zan and Joo, Jungseock and Raskar, Ramesh and Fidler, Sanja and Alvarez, Jose},
  booktitle={ICCV},
  year={2023}
}

@article{moon2023rotation,
  title={Rotation Matters: Generalized Monocular {\threeD} Object Detection for Various Camera Systems},
  author={Moon, SungHo and Bae, JinWoo and Im, SungHoon},
  journal={arXiv preprint arXiv:2310.05366},
  year={2023}
}

@inproceedings{ranganatha2024semvecnet,
  title={{SemVecNet}: Generalizable Vector Map Generation for Arbitrary Sensor Configurations},
  author={Ranganatha, Narayanan Elavathur and Zhang, Hengyuan and Venkatramani, Shashank and Liao, Jing-Yan and Christensen, Henrik},
  journal={IV},
  year={2024}
}


%===============================================================================
% Monocular Depth Estimation
%===============================================================================
@inproceedings{eigen2015predicting,
  title={Predicting depth, surface normals and semantic labels with a common multi-scale convolutional architecture},
  author={Eigen, David and Fergus, Rob},
  booktitle={ICCV},
  year={2015}
}

@inproceedings{garg2016unsupervised,
  title={Unsupervised {CNN} for single view depth estimation: Geometry to the rescue},
  author={Garg, Ravi and Bhagavatula, Vijayakumar and Carneiro, Gustavo and Reid, Ian},
  booktitle={ECCV},
  year={2016}
}

@inproceedings{pillai2019superdepth,
  title={Superdepth: Self-supervised, super-resolved monocular depth estimation},
  author={Pillai, Sudeep and Ambrus, Rares and Gaidon, Adrien},
  booktitle={ICRA},
  year={2019},
}

@inproceedings{godard2017unsupervised,
  title={Unsupervised monocular depth estimation with left-right consistency},
  author={Godard, Cl{\'e}ment and Mac Aodha, Oisin and Brostow, Gabriel},
  booktitle={CVPR},
  year={2017}
}

@inproceedings{pilzer2019refine,
  title={Refine and distill: Exploiting cycle-inconsistency and knowledge distillation for unsupervised monocular depth estimation},
  author={Pilzer, Andrea and Lathuiliere, Stephane and Sebe, Nicu and Ricci, Elisa},
  booktitle={CVPR},
  year={2019}
}

@inproceedings{godard2019digging,
  title={Digging into self-supervised monocular depth estimation},
  author={Godard, Cl{\'e}ment and Mac Aodha, Oisin and Firman, Michael and Brostow, Gabriel},
  booktitle={ICCV},
  year={2019}
}

@inproceedings{guizilini20203d,
  title={{\threeD} packing for self-supervised monocular depth estimation},
  author={Guizilini, Vitor and Ambrus, Rares and Pillai, Sudeep and Raventos, Allan and Gaidon, Adrien},
  booktitle={CVPR},
  year={2020}
}

@inproceedings{guizilini2020semantically,
  title={Semantically-guided representation learning for self-supervised monocular depth},
  author={Guizilini, Vitor and Hou, Rui and Li, Jie and Ambrus, Rares and Gaidon, Adrien},
  booktitle={ICLR},
  year={2020}
}

@inproceedings{watson2019self,
  title={Self-supervised monocular depth hints},
  author={Watson, Jamie and Firman, Michael and Brostow, Gabriel and Turmukhambetov, Daniyar},
  booktitle={ICCV},
  year={2019}
}

@inproceedings{zhu2020edge,
  title={The edge of depth: Explicit constraints between segmentation and depth},
  author={Zhu, Shengjie and Brazil, Garrick and Liu, Xiaoming},
  booktitle={CVPR},
  year={2020}
}

@inproceedings{peng2021excavating,
  title={Excavating the Potential Capacity of Self-Supervised Monocular Depth Estimation},
  author={Peng, Rui and Wang, Ronggang and Lai, Yawen and Tang, Luyang and Cai, Yangang},
  booktitle={ICCV},
  year={2021}
}

%===============================================================================
% Monocular Depth with Extra Constraints
%===============================================================================
@inproceedings{ranjan2019competitive,
  title={Competitive collaboration: Joint unsupervised learning of depth, camera motion, optical flow and motion segmentation},
  author={Ranjan, Anurag and Jampani, Varun and Balles, Lukas and Kim, Kihwan and Sun, Deqing and Wulff, Jonas and Black, Michael},
  booktitle={CVPR},
  year={2019}
}

@inproceedings{klingner2020self,
  title={Self-supervised monocular depth estimation: Solving the dynamic object problem by semantic guidance},
  author={Klingner, Marvin and Term{\"o}hlen, Jan-Aike and Mikolajczyk, Jonas and Fingscheidt, Tim},
  booktitle={ECCV},
  year={2020}
}

%===============================================================================
% Monocular Videos
%===============================================================================
@inproceedings{zhou2017unsupervised,
  title={Unsupervised learning of depth and ego-motion from video},
  author={Zhou, Tinghui and Brown, Matthew and Snavely, Noah and Lowe, David},
  booktitle={CVPR},
  year={2017}
}

@inproceedings{yin2018geonet,
  title={Geonet: Unsupervised learning of dense depth, optical flow and camera pose},
  author={Yin, Zhichao and Shi, Jianping},
  booktitle={CVPR},
  year={2018}
}

@inproceedings{yang2020upgrading,
  title={Upgrading optical flow to {\threeD} scene flow through optical expansion},
  author={Yang, Gengshan and Ramanan, Deva},
  booktitle={CVPR},
  year={2020}
}

%===============================================================================
% 6D Pose Estimation
%===============================================================================
@inproceedings{merrill2022symmetry,
  title={Symmetry and Uncertainty-Aware Object {\slam} for {$6$DoF} Object Pose Estimation},
  author={Merrill, Nathaniel and Guo, Yuliang and Zuo, Xingxing and Huang, Xinyu and Leutenegger, Stefan and Peng, Xi and Ren, Liu and Huang, Guoquan},
  booktitle={CVPR},
  year={2022},
}

@inproceedings{park2019pix,
  title={{Pix2Pose}: Pixel-Wise Coordinate Regression of Objects for {\sixD} Pose Estimation},
  author={Park, Kiru and Patten, Timothy and Vincze, Markus},
  booktitle={ICCV},
  year={2019}
}

@InProceedings{zakharov2019dpod,
  title={{DPOD: \sixD} Pose Object Detector and Refiner},
  author={Zakharov, Sergey and Shugurov, Ivan and Ilic, Slobodan},
  booktitle={ICCV},
  year={2019}
}

@inproceedings{li2018deep,
  title={{DeepIM}: Deep Iterative Matching for {\sixD} Pose Estimation},
  author={Li, Yi and Wang, Gu and Ji, Xiangyang and Xiang, Yu and Fox, Dieter},
  booktitle={ECCV},
  year={2018}
}

@inproceedings{wang2019densefusion,
  title={{DenseFusion}: {\sixD} Object Pose Estimation by Iterative Dense Fusion},
  author={Wang, Chen and Xu, Danfei and Zhu, Yuke and Martin, Roberto and Lu, Cewu and Li, Fei{-}Fei and Savarese, Silvio},
  booktitle={CVPR},
  year={2019},
}

@inproceedings{rad2017bb8,
  title={{BB8}: A Scalable, Accurate, Robust to Partial Occlusion Method for Predicting the {\threeD} Poses of Challenging Objects without Using Depth},
  author={Rad, Mahdi Rad and Lepetit, Vincent},
  journal={ICCV},
  year={2017}
}

@inproceedings{tekin2018real,
  title={Real-Time Seamless Single Shot {\sixD} Object Pose Prediction},
  author={Tekin, Bugra and Sinha, Sudipta and Fua, Pascal},
  booktitle={CVPR},
  year={2018}
}

@inproceedings{Xiang2018RSS,
    author={Yu, Xiang and Schmidt, Tanner and Narayanan, Venkatraman and Fox, Dieter},
    title = {{PoseCNN}: A Convolutional Neural Network for {\sixD} Object Pose Estimation in Cluttered Scenes},
    booktitle={RSS},
    year={2018}
}

@inproceedings{hodan2018bop,
  title={{BOP}: Benchmark for {\sixD} Object Pose Estimation},
  author={Hoda{\v{n}}, Tom{\'a}{\v{s}} and Michel, Frank and Brachmann, Eric and Kehl, Wadim and Glent Buch, Anders and Kraft, Dirk and Drost, Bertram and Vidal, Joel and Ihrke, Stephan and Zabulis, Xenophon and Sahin, Caner and Manhardt, Fabian and Tombari, Federico and Kim, Tae-Kyun and Matas, Ji{\v{r}}{\'i} and Rother, Carsten},
  journal={ECCV},
  year={2018}
}

@inproceedings{zhang2020robust,
  title={Robust ego and object {6-DoF} motion estimation and tracking},
  author={Zhang, Jun and Henein, Mina and Mahony, Robert and Ila, Viorela},
  booktitle={IROS},
  year={2020}
}

%===============================================================================
% Visual Odometry Estimation
%===============================================================================
@inproceedings{jin2000real,
  title={Real-time {\threeD} motion and structure of point features: a front-end system for vision-based control and interaction},
  author={Jin, Hailin and Favaro, Paolo and Soatto, Stefano},
  booktitle={CVPR},
  year={2000}
}

@article{davison2007monoslam,
  title={MonoSLAM: Real-time single camera {\slam}},
  author={Davison, Andrew and Reid, Ian and Molton, Nicholas and Stasse, Olivier},
  journal={TPAMI},
  year={2007}
}

@inproceedings{klein2007parallel,
  title={Parallel tracking and mapping for small AR workspaces},
  author={Klein, Georg and Murray, David},
  booktitle={2007 6th IEEE and ACM international symposium on mixed and augmented reality},
  year={2007}
}

@article{mur2015orb,
  title={{ORB-SLAM}: a versatile and accurate monocular {\slam} system},
  author={Mur-Artal, Raul and Montiel, Jose and Tardos, Juan},
  journal={IEEE transactions on robotics},
  year={2015}
}

@article{valgaerts2012dense,
  title={Dense versus sparse approaches for estimating the fundamental matrix},
  author={Valgaerts, Levi and Bruhn, Andr{\'e}s and Mainberger, Markus and Weickert, Joachim},
  journal={IJCV},
  year={2012},
}

@inproceedings{ranftl2016dense,
  title={Dense monocular depth estimation in complex dynamic scenes},
  author={Ranftl, Rene and Vineet, Vibhav and Chen, Qifeng and Koltun, Vladlen},
  booktitle={CVPR},
  year={2016}
}

@inproceedings{newcombe2011dtam,
  title={DTAM: Dense tracking and mapping in real-time},
  author={Newcombe, Richard and Lovegrove, Steven and Davison, Andrew},
  booktitle={ICCV},
  year={2011},
}

@inproceedings{stuhmer2010real,
  title={Real-time dense geometry from a handheld camera},
  author={St{\"u}hmer, Jan and Gumhold, Stefan and Cremers, Daniel},
  booktitle={Joint Pattern Recognition Symposium},
  year={2010}
}

@inproceedings{engel2014lsd,
  title={{LSD-SLAM}: Large-scale direct monocular {\slam}},
  author={Engel, Jakob and Sch{\"o}ps, Thomas and Cremers, Daniel},
  booktitle={ECCV},
  year={2014}
}

@article{jin2003semi,
  title={A semi-direct approach to structure from motion},
  author={Jin, Hailin and Favaro, Paolo and Soatto, Stefano},
  journal={The Visual Computer},
  year={2003}
}

@article{mur2017orb,
  title={Orb-slam2: An open-source slam system for monocular, stereo, and rgb-d cameras},
  author={Mur-Artal, Raul and Tard{\'o}s, Juan},
  journal={IEEE transactions on robotics},
  year={2017}
}

@article{campos2021orb,
  title={Orb-slam3: An accurate open-source library for visual, visual--inertial, and multimap slam},
  author={Campos, Carlos and Elvira, Richard and Rodr{\'\i}guez, Juan and Montiel, Jos{\'e} and Tard{\'o}s, Juan},
  journal={IEEE Transactions on Robotics},
  year={2021}
}

@article{engel2017direct,
  title={Direct sparse odometry},
  author={Engel, Jakob and Koltun, Vladlen and Cremers, Daniel},
  journal={TPAMI},
  year={2017},
}

@inproceedings{teed2020raft,
  title={Raft: Recurrent all-pairs field transforms for optical flow},
  author={Teed, Zachary and Deng, Jia},
  booktitle={ECCV},
  year={2020},
}

@inproceedings{zhang2021separable,
  title={Separable Flow: Learning Motion Cost Volumes for Optical Flow Estimation},
  author={Zhang, Feihu and Woodford, Oliver and Prisacariu, Victor Adrian and Torr, Philip},
  booktitle={ICCV},
  year={2021}
}

@inproceedings{rublee2011orb,
  title={ORB: An efficient alternative to SIFT or SURF},
  author={Rublee, Ethan and Rabaud, Vincent and Konolige, Kurt and Bradski, Gary},
  booktitle={ICCV},
  year={2011},
}

@inproceedings{bay2006surf,
  title={Surf: Speeded up robust features},
  author={Bay, Herbert and Tuytelaars, Tinne and Gool, Luc Van},
  booktitle={ECCV},
  year={2006}
}

@inproceedings{yang2018deep,
  title={Deep virtual stereo odometry: Leveraging deep depth prediction for monocular direct sparse odometry},
  author={Yang, Nan and Wang, Rui and Stuckler, Jorg and Cremers, Daniel},
  booktitle={ECCV},
  year={2018}
}

@inproceedings{yang2020d3vo,
  title={{D3VO}: Deep depth, deep pose and deep uncertainty for monocular visual odometry},
  author={Yang, Nan and Stumberg, Lukas von and Wang, Rui and Cremers, Daniel},
  booktitle={CVPR},
  year={2020}
}

@inproceedings{teed2021droid,
  title={Droid-slam: Deep visual {\slam} for monocular, stereo, and {RGB-D} cameras},
  author={Teed, Zachary and Deng, Jia},
  booktitle={NeurIPS},
  year={2021}
}

@inproceedings{zhao2020towards,
  title={Towards better generalization: Joint depth-pose learning without posenet},
  author={Zhao, Wang and Liu, Shaohui and Shu, Yezhi and Liu, Yong-Jin},
  booktitle={CVPR},
  year={2020}
}

@inproceedings{wang2021deep,
  title={Deep two-view structure-from-motion revisited},
  author={Wang, Jianyuan and Zhong, Yiran and Dai, Yuchao and Birchfield, Stan and Zhang, Kaihao and Smolyanskiy, Nikolai and Li, Hongdong},
  booktitle={CVPR},
  year={2021}
}
@article{teed2018deepv2d,
  title={Deepv2d: Video to depth with differentiable structure from motion},
  author={Teed, Zachary and Deng, Jia},
  journal={arXiv preprint arXiv:1812.04605},
  year={2018}
}

@inproceedings{dai2017scannet,
  title={Scannet: Richly-annotated {\threeD} reconstructions of indoor scenes},
  author={Dai, Angela and Chang, Angel and Savva, Manolis and Halber, Maciej and Funkhouser, Thomas and Nie{\ss}ner, Matthias},
  booktitle={CVPR},
  year={2017}
}

@article{zhang2020vdo,
  title={{VDO-SLAM}: a visual dynamic object-aware {\slam} system},
  author={Zhang, Jun and Henein, Mina and Mahony, Robert and Ila, Viorela},
  journal={arXiv preprint arXiv:2005.11052},
  year={2020}
}

@inproceedings{nair2020multi,
  title={Multi-object monocular {\slam} for dynamic environments},
  author={Nair, Gokul and Daga, Swapnil and Sajnani, Rahul and Ramesh, Anirudha and Ansari, Junaid Ahmed and Jatavallabhula, Krishna Murthy and Krishna, K Madhava},
  booktitle={2020 IEEE Intelligent Vehicles Symposium (IV)},
  year={2020}
}

@article{bescos2021dynaslam,
  title={DynaSLAM II: Tightly-coupled multi-object tracking and {\slam}},
  author={Bescos, Berta and Campos, Carlos and Tard{\'o}s, Juan D and Neira, Jos{\'e}},
  journal={IEEE robotics and automation letters},
  year={2021}
}

@inproceedings{huang2020clustervo,
  title={Clustervo: Clustering moving instances and estimating visual odometry for self and surroundings},
  author={Huang, Jiahui and Yang, Sheng and Mu, Tai-Jiang and Hu, Shi-Min},
  booktitle={CVPR},
  year={2020}
}

@inproceedings{strecke2019fusion,
  title={{EM-Fusion}: Dynamic object-level {\slam} with probabilistic data association},
  author={Strecke, Michael and Stuckler, Jorg},
  booktitle={ICCV},
  year={2019}
}

@article{dai2020rgb,
  title={{RGBD \slam} in dynamic environments using point correlations},
  author={Dai, Weichen and Zhang, Yu and Li, Ping and Fang, Zheng and Scherer, Sebastian},
  journal={TPAMI},
  year={2020}
}

@article{yan2022dgs,
  title={{DGS-\slam}: A fast and robust {RGBD \slam} in dynamic environments combined by geometric and semantic information},
  author={Yan, Li and Hu, Xiao and Zhao, Leyang and Chen, Yu and Wei, Pengcheng and Xie, Hong},
  journal={Remote Sensing},
  year={2022}
}

@inproceedings{lambert2020mseg,
  title={{MSeg}: A Composite Dataset for Multi-domain Semantic Segmentation},
  author={Lambert, John and Liu, Zhuang and Sener, Ozan and Hays, James and Koltun, Vladlen},
  booktitle={CVPR},
  year={2020}
}

@article{lee2019big,
  title={From big to small: Multi-scale local planar guidance for monocular depth estimation},
  author={Lee, Jin and Han, Myung and Ko, Dong and Suh, Il},
  journal={arXiv preprint arXiv:1907.10326},
  year={2019}
}

@inproceedings{kasten2019algebraic,
  title={Algebraic characterization of essential matrices and their averaging in multiview settings},
  author={Kasten, Yoni and Geifman, Amnon and Galun, Meirav and Basri, Ronen},
  booktitle={CVPR},
  year={2019}
}

@inproceedings{imran2021depth,
  title={Depth completion with twin surface extrapolation at occlusion boundaries},
  author={Imran, Saif and Liu, Xiaoming and Morris, Daniel},
  booktitle={CVPR},
  year={2021}
}

@inproceedings{imran2019depth,
  title={Depth coefficients for depth completion},
  author={Imran, Saif and Long, Yunfei and Liu, Xiaoming and Morris, Daniel},
  booktitle={CVPR},
  year={2019}
}

@inproceedings{long2021radar,
  title={Radar-camera pixel depth association for depth completion},
  author={Long, Yunfei and Morris, Daniel and Liu, Xiaoming and Castro, Marcos and Chakravarty, Punarjay and Narayanan, Praveen},
  booktitle={CVPR},
  year={2021}
}

@inproceedings{long2021full,
  title={Full-Velocity Radar Returns by Radar-Camera Fusion},
  author={Long, Yunfei and Morris, Daniel and Liu, Xiaoming and Castro, Marcos and Chakravarty, Punarjay and Narayanan, Praveen},
  booktitle={ICCV},
  year={2021}
}

%===============================================================================
% 3D Reconstruction
%===============================================================================
@inproceedings{chan2022eg3d,
  title={{EG3D}: Efficient geometry-aware {\threeD} generative adversarial networks},
  author={Chan, Eric and Lin, Connor and Chan, Matthew and Nagano, Koki and Pan, Boxiao and De Mello, Shalini and Gallo, Orazio and Guibas, Leonidas and Tremblay, Jonathan and Khamis, Sameh and Karras, Tero and Wetzstein, Gordon},
  booktitle={CVPR},
  year={2022}
}


%===============================================================================
% Applications of 3D Object Detection
%===============================================================================
@article{rey2002automatic,
  title={Automatic detection and segmentation of evolving processes in {\threeD} medical images: Application to multiple sclerosis},
  author={Rey, David and Subsol, G{\'e}rard and Delingette, Herv{\'e} and Ayache, Nicholas},
  journal={Medical Image Analysis},
  year={2002}
}

@misc{najafi2010fast,
  title={Fast object detection for augmented reality systems},
  author={Najafi, Hesam and Genc, Yakup},
  year={2010},
  note={US Patent 7,706,603}
}

@article{alhaija2018augmented,
  title={Augmented reality meets computer vision: Efficient data generation for urban driving scenes},
  author={Alhaija, Hassan and Mustikovela, Siva and Mescheder, Lars and Geiger, Andreas and Rother, Carsten},
  journal={IJCV},
  year={2018}
}

@inproceedings{rematas2018soccer,
  title={Soccer on your tabletop},
  author={Rematas, Konstantinos and Kemelmacher-Shlizerman, Ira and Curless, Brian and Seitz, Steve},
  booktitle={CVPR},
  year={2018}
}

@article{saxena2008robotic,
  title={Robotic grasping of novel objects using vision},
  author={Saxena, Ashutosh and Driemeyer, Justin and Ng, Andrew},
  journal={IJRR},
  year={2008}
}

@inproceedings{transeth2010robotic,
  title={A robotic concept for remote maintenance operations: A robust {\threeD} object detection and pose estimation method and a novel robot tool},
  author={Transeth, Aksel and Skotheim, {\O}ystein and Schumann-Olsen, Henrik and Johansen, Gorm and Thielemann, Jens and Kyrkjeb{\o}, Erik},
  booktitle={IROS},
  year={2010}
}

@article{mahler2017dex,
  title={{Dex-Net} 2.0: Deep learning to plan robust grasps with synthetic point clouds and analytic grasp metrics},
  author={Mahler, Jeffrey and Liang, Jacky and Niyaz, Sherdil and Laskey, Michael and Doan, Richard and Liu, Xinyu and Ojea, Juan Aparicio and Goldberg, Ken},
  journal={arXiv preprint arXiv:1703.09312},
  year={2017}
}

@article{levine2018learning,
  title={Learning hand-eye coordination for robotic grasping with deep learning and large-scale data collection},
  author={Levine, Sergey and Pastor, Peter and Krizhevsky, Alex and Ibarz, Julian and Quillen, Deirdre},
  journal={IJRR},
  year={2018}
}

%===============================================================================
% Classical Papers
%===============================================================================
@article{rosenfeld1971edge,
  title={Edge and curve detection for visual scene analysis},
  author={Rosenfeld, Azriel and Thurston, Mark},
  journal={IEEE Transactions on Computers},
  year={1971}
}

@inproceedings{harris1988combined,
  title={A combined corner and edge detector.},
  author={Harris, Christopher and Stephens, Mike},
  booktitle={Alvey vision conference},
  year={1988}
}

@article{lowe2004distinctive,
  title={Distinctive image features from scale-invariant keypoints},
  author={Lowe, David},
  journal={IJCV},
  year={2004}
}

@article{mikolajczyk2004scale,
  title={Scale \& affine invariant interest point detectors},
  author={Mikolajczyk, Krystian and Schmid, Cordelia},
  journal={IJCV},
  year={2004}
}

@inproceedings{viola2001rapid,
  title={Rapid object detection using a boosted cascade of simple features},
  author={Viola, Paul and Jones, Michael},
  booktitle={CVPR},
  year={2001}
}

@inproceedings{dalal2005histograms,
  title={Histograms of oriented gradients for human detection},
  author={Dalal, Navneet and Triggs, Bill},
  booktitle={CVPR},
  year={2005}
}

@book{hartley2003multiple,
  title={Multiple view geometry in computer vision},
  author={Hartley, Richard and Zisserman, Andrew},
  year={2003},
  publisher={Cambridge university press}
}

%===============================================================================
% Oriented Object Detection
%===============================================================================
@inproceedings{yi2021oriented,
  title={Oriented object detection in aerial images with box boundary-aware vectors},
  author={Yi, Jingru and Wu, Pengxiang and Liu, Bo and Huang, Qiaoying and Qu, Hui and Metaxas, Dimitris},
  booktitle={WACV},
  year={2021}
}

%===============================================================================
% 2D Object Detection
%===============================================================================
@article{felzenszwalb2009object,
  title={Object detection with discriminatively trained part-based models},
  author={Felzenszwalb, Pedro and Girshick, Ross and McAllester, David and Ramanan, Deva},
  journal={TPAMI},
  year={2009}
}

@inproceedings{girshick2014rich,
  title={Rich feature hierarchies for accurate object detection and semantic segmentation},
  author={Girshick, Ross and Donahue, Jeff and Darrell, Trevor and Malik, Jitendra},
  booktitle={CVPR},
  year={2014}
}

@inproceedings{girshick2015fast,
  title={Fast {R-CNN}},
  author={Girshick, Ross},
  booktitle={ICCV},
  year={2015}
}

@inproceedings{ren2015faster,
  title={Faster {R-CNN}: Towards real-time object detection with region proposal networks},
  author={Ren, Shaoqing and He, Kaiming and Girshick, Ross and Sun, Jian},
  booktitle={NeurIPS},
  year={2015}
}

@inproceedings{dai2016rfcn,
  title={{R-FCN}: Object detection via region-based fully convolutional networks},
  author={Dai, Jifeng and Li, Yi and He, Kaiming and Sun, Jian},
  booktitle={NeurIPS},
  year={2016}
}

@inproceedings{redmon2016you,
  title={You only look once: Unified, real-time object detection},
  author={Redmon, Joseph and Divvala, Santosh and Girshick, Ross and Farhadi, Ali},
  booktitle={CVPR},
  year={2016}
}

@inproceedings{lin2017feature,
  title={Feature pyramid networks for object detection},
  author={Lin, Tsung-Yi and Doll{\'a}r, Piotr and Girshick, Ross and He, Kaiming and Hariharan, Bharath and Belongie, Serge},
  booktitle={CVPR},
  year={2017}
}

@article{redmon2018yolov3,
  title={{YOLOv3}: An incremental improvement},
  author={Redmon, Joseph and Farhadi, Ali},
  journal={arXiv preprint arXiv:1804.02767},
  year={2018}
}

@article{lin2018focal,
  title={Focal loss for dense object detection},
  author={Lin, Tsung-Yi and Goyal, Priya and Girshick, Ross and He, Kaiming and Doll{\'a}r, Piotr},
  journal={TPAMI},
  year={2018}
}

@inproceedings{wang2020scale,
  title={Scale-Equalizing Pyramid Convolution for Object Detection},
  author={Wang, Xinjiang and Zhang, Shilong and Yu, Zhuoran and Feng, Litong and Zhang, Wayne},
  booktitle={CVPR},
  year={2020}
}

@inproceedings{chen2020dive,
  title={Dive Deeper Into Box for Object Detection},
  author={Chen, Ran and Liu, Yong and Zhang, Mengdan and Liu, Shu and Yu, Bei and Tai, Yu-Wing},
  booktitle={ECCV},
  year={2020}
}

@inproceedings{zoph2020learning,
  title={Learning data augmentation strategies for object detection},
  author={Zoph, Barret and Cubuk, Ekin and Ghiasi, Golnaz and Lin, Tsung-Yi and Shlens, Jonathon and Le, Quoc},
  booktitle={ECCV},
  year={2020}
}

@inproceedings{samet2020houghnet,
  title={{HoughNet}: Integrating near and long-range evidence for bottom-up object detection},
  author={Samet, Nermin and Hicsonmez, Samet and Akbas, Emre},
  booktitle={ECCV},
  year={2020}
}

@article{bochkovskiy2020yolov4,
  title={{YOLOv4}: Optimal speed and accuracy of object detection},
  author={Bochkovskiy, Alexey and Wang, Chien-Yao and Liao, Hong-Yuan Mark},
  journal={arXiv preprint arXiv:2004.10934},
  year={2020}
}

@inproceedings{carion2020detr,
  title={End-to-End Object Detection with Transformers},
  author={Carion, Nicolas and Massa, Francisco and Synnaeve, Gabriel and Usunier, Nicolas and Kirillov, Alexander and Zagoruyko, Sergey},
  booktitle={ECCV},
  year={2020}
}

%===============================================================================
% Pedestrian Detection
%===============================================================================
@inproceedings{brazil2017illuminating,
  title={Illuminating pedestrians via simultaneous detection \& segmentation},
  author={Brazil, Garrick and Yin, Xi and Liu, Xiaoming},
  booktitle={ICCV},
  year={2017}
}

@inproceedings{brazil2019pedestrian,
  title={Pedestrian detection with autoregressive network phases},
  author={Brazil, Garrick and Liu, Xiaoming},
  booktitle={CVPR},
  year={2019}
}

%===============================================================================
% 2D Confidence Estimation
%===============================================================================
@inproceedings{jiang2018acquisition,
  title={Acquisition of localization confidence for accurate object detection},
  author={Jiang, Borui and Luo, Ruixuan and Mao, Jiayuan and Xiao, Tete and Jiang, Yuning},
  booktitle={ECCV},
  year={2018}
}

@inproceedings{kim2020probabilistic,
  title={Probabilistic Anchor Assignment with {\iou} Prediction for Object Detection},
  author={Kim, Kang and Lee, Hee},
  booktitle={ECCV},
  year={2020}
}

@inproceedings{wang2019side,
  title={Side-aware boundary localization for more precise object detection},
  author={Wang, Jiaqi and Zhang, Wenwei and Cao, Yuhang and Chen, Kai and Pang, Jiangmiao and Gong, Tao and Shi, Jianping and Loy, Chen Change and Lin, Dahua},
  booktitle={ECCV},
  year={2019}
}

@inproceedings{kumar2020luvli,
  title={{LUVLi} Face Alignment: Estimating Landmarks' Location, Uncertainty, and Visibility Likelihood},
  author={Kumar, Abhinav and Marks, Tim and Mou, Wenxuan and Wang, Ye and Jones, Michael and Cherian, Anoop and Koike-Akino, Toshiaki and Liu, Xiaoming and Feng, Chen},
  booktitle={CVPR},
  year={2020}
}

%===============================================================================
% 3D Confidence Estimation
%===============================================================================




%===============================================================================
% Tracking
%===============================================================================
@inproceedings{liang2020pnpnet,
  title={{PnPNet}: End-to-End Perception and Prediction with Tracking in the Loop},
  author={Liang, Ming and Yang, Bin and Zeng, Wenyuan and Chen, Yun and Hu, Rui and Casas, Sergio and Urtasun, Raquel},
  booktitle={CVPR},
  year={2020}
}

@article{ballester2020dot,
  title={DOT: Dynamic Object Tracking for Visual {\slam}},
  author={Ballester, Irene and Fontan, Alejandro and Civera, Javier and Strobl, Klaus and Triebel, Rudolph},
  journal={arXiv preprint arXiv:2010.00052},
  year={2020}
}

%===============================================================================
% Denoising
%===============================================================================
@article{zamir2022learning,
  title={Learning enriched features for fast image restoration and enhancement},
  author={Zamir, Syed and Arora, Aditya and Khan, Salman and Hayat, Munawar and Khan, Fahad and Yang, Ming-Hsuan and Shao, Ling},
  journal={TPAMI},
  year={2022},
}

%===============================================================================
% Equivariance
%===============================================================================
@misc{lelarge2021convolution,
  title = {{Convolution from first principles}},
  author= {Lelarge, Mark}, 
  howpublished = {\url{https://dataflowr.github.io/website/modules/extras/Convolutions_first/\#learning_a_solution}},
  note = {Accessed: 2021-08-13}
}

@misc{bronstein2021convolution,
  title = {{Convolution from first principles}},
  author= {Bronstein, Michael},
  howpublished = {\url{https://towardsdatascience.com/deriving-convolution-from-first-principles-4ff124888028}},
  note = {Accessed: 2021-08-13}
}

@incollection{burns1992non,
  title={The non-existence of general-case view-invariants},
  author={Burns, Brian and Weiss, Richard and Riseman, Edward},
  booktitle={Geometric invariance in computer vision},
  year={1992}
}

@inproceedings{van1993matching,
  title={Matching perspective views of parallel plane structures},
  author={Van Gool, Luc and Moons, Theo and Diest, Marc and Pauwels, Eric},
  booktitle={Joint European-US Workshop on Applications of Invariance in Computer Vision},
  year={1993}
}

@article{li2018image,
  title={Image projective invariants},
  author={Li, Erbo and Mo, Hanlin and Xu, Dong and Li, Hua},
  journal={TPAMI},
  year={2018}
}

@article{zwicke1983new,
  title={A new implementation of the Mellin transform and its application to radar classification of ships},
  author={Zwicke, Philip and Kiss, Imre},
  journal={TPAMI},
  year={1983}
}

@article{lecun1998gradient,
  title={Gradient-based learning applied to document recognition},
  author={LeCun, Yann and Bottou, L{\'e}on and Bengio, Yoshua and Haffner, Patrick},
  journal={Proceedings of the IEEE},
  year={1998}
}

@article{suk2000point,
  title={Point-based projective invariants},
  author={Suk, Tom{\'a}{\v{s}} and Flusser, Jan},
  journal={Pattern Recognition},
  year={2000}
}

@inproceedings{cohen2016group,
  title={Group equivariant convolutional networks},
  author={Cohen, Taco and Welling, Max},
  booktitle={ICML},
  year={2016},
}

@article{bronstein2021geometric,
  title={Geometric deep learning: Grids, groups, graphs, geodesics, and gauges},
  author={Bronstein, Michael and Bruna, Joan and Cohen, Taco and Veli{\v{c}}kovi{\'c}, Petar},
  journal={arXiv preprint arXiv:2104.13478},
  year={2021}
}

@inproceedings{yeh2019chirality,
  title={Chirality nets for human pose regression},
  author={Yeh, Raymond and Hu, Yuan-Ting and Schwing, Alexander},
  booktitle={NeurIPS},
  year={2019}
}

@inproceedings{cohen2018spherical,
  title={Spherical {CNN}s},
  author={Cohen, Taco and Geiger, Mario and K{\"o}hler, Jonas and Welling, Max},
  booktitle={ICLR},
  year={2018}
}

@inproceedings{ganea2018hyperbolic,
  title={Hyperbolic Neural Networks},
  author={Ganea, Octavian-Eugen and B{\'e}cigneul, Gary and Hofmann, Thomas},
  booktitle={NeurIPS},
  year={2017}
}

@article{micheli2009neural,
  title={Neural network for graphs: A contextual constructive approach},
  author={Micheli, Alessio},
  journal={IEEE Transactions on Neural Networks},
  year={2009}
}

@inproceedings{wang2021incorporating,
  title={Incorporating Symmetry into Deep Dynamics Models for Improved Generalization},
  author={Rui Wang and Robin Walters and Rose Yu},
  booktitle={ICLR},
  year={2021}
}

@phdthesis{jing2020physical,
  title={Physical symmetry enhanced neural networks},
  author={Jing, Li},
  year={2020},
  school={Massachusetts Institute of Technology}
}

@article{rath2020boosting,
  title={Boosting Deep Neural Networks with Geometrical Prior Knowledge: A Survey},
  author={Rath, Matthias and Condurache, Alexandru},
  journal={arXiv preprint arXiv:2006.16867},
  year={2020}
}

@article{weiler2021coordinate,
  title={Coordinate Independent Convolutional Networks--Isometry and Gauge Equivariant Convolutions on Riemannian Manifolds},
  author={Weiler, Maurice and Forr{\'e}, Patrick and Verlinde, Erik and Welling, Max},
  journal={arXiv preprint arXiv:2106.06020},
  year={2021}
}

%===============================================================================
% 2D Rotation Equivariance
%===============================================================================
@inproceedings{cohen2014learning,
  title={Learning the irreducible representations of commutative lie groups},
  author={Cohen, Taco and Welling, Max},
  booktitle={ICML},
  year={2014},
}

@inproceedings{dieleman2016exploiting,
  title={Exploiting cyclic symmetry in convolutional neural networks},
  author={Dieleman, Sander and De Fauw, Jeffrey and Kavukcuoglu, Koray},
  booktitle={ICML},
  year={2016}
}

@inproceedings{marcos2017rotation,
  title={Rotation equivariant vector field networks},
  author={Marcos, Diego and Volpi, Michele and Komodakis, Nikos and Tuia, Devis},
  booktitle={ICCV},
  year={2017}
}

@inproceedings{zhou2017oriented,
  title={Oriented response networks},
  author={Zhou, Yanzhao and Ye, Qixiang and Qiu, Qiang and Jiao, Jianbin},
  booktitle={CVPR},
  year={2017}
}

@inproceedings{worrall2017harmonic,
  title={Harmonic networks: Deep translation and rotation equivariance},
  author={Worrall, Daniel and Garbin, Stephan and Turmukhambetov, Daniyar and Brostow, Gabriel},
  booktitle={CVPR},
  year={2017}
}

@inproceedings{weiler2018learning,
  title={Learning steerable filters for rotation equivariant {CNN}s},
  author={Weiler, Maurice and Hamprecht, Fred and Storath, Martin},
  booktitle={CVPR},
  year={2018}
}

%===============================================================================
% 3D Rotation Equivariance
%===============================================================================
@article{thomas2018tensor,
  title={Tensor field networks: Rotation-and translation-equivariant neural networks for {\threeD} point clouds},
  author={Thomas, Nathaniel and Smidt, Tess and Kearnes, Steven and Yang, Lusann and Li, Li and Kohlhoff, Kai and Riley, Patrick},
  journal={arXiv preprint arXiv:1802.08219},
  year={2018}
}

%===============================================================================
% Global Scale Equivariance - Log Polar Transform
%===============================================================================
@inproceedings{henriques2017warped,
  title={Warped convolutions: Efficient invariance to spatial transformations},
  author={Henriques, Joao and Vedaldi, Andrea},
  booktitle={ICML},
  year={2017}
}

@inproceedings{esteves2018polar,
  title={Polar transformer networks},
  author={Esteves, Carlos and Allen-Blanchette, Christine and Zhou, Xiaowei and Daniilidis, Kostas},
  booktitle={ICLR},
  year={2018}
}

%===============================================================================
% Local Scale Equivariance - Log Polar Transform
%===============================================================================
@article{xu2014scale,
  title={Scale-invariant convolutional neural networks},
  author={Xu, Yichong and Xiao, Tianjun and Zhang, Jiaxing and Yang, Kuiyuan and Zhang, Zheng},
  journal={arXiv preprint arXiv:1411.6369},
  year={2014}
}

@inproceedings{kanazawa2014locally,
  title={Locally scale-invariant convolutional neural networks},
  author={Kanazawa, Angjoo and Sharma, Abhishek and Jacobs, David},
  booktitle={NeurIPS Workshops},
  year={2014}
}

@inproceedings{marcos2018scale,
  title={Scale equivariance in {CNN}s with vector fields},
  author={Marcos, Diego and Kellenberger, Benjamin and Lobry, Sylvain and Tuia, Devis},
  booktitle={ICML Workshops},
  year={2018}
}

@inproceedings{worrall2019deep,
  title={Deep scale-spaces: Equivariance over scale},
  author={Worrall, Daniel and Welling, Max},
  booktitle={NeurIPS},
  year={2019}
}

@article{freeman1991design,
  title={The design and use of steerable filters},
  author={Freeman, William and Adelson, Edward},
  journal={TPAMI},
  year={1991}
}

@inproceedings{ghosh2019scale,
  title={Scale steerable filters for locally scale-invariant convolutional neural networks},
  author={Ghosh, Rohan and Gupta, Anupam},
  booktitle={ICML Workshops},
  year={2019}
}

@article{zhu2019scale,
  title={Scale-equivariant neural networks with decomposed convolutional filters},
  author={Zhu, Wei and Qiu, Qiang and Calderbank, Robert and Sapiro, Guillermo and Cheng, Xiuyuan},
  journal={arXiv preprint arXiv:1909.11193},
  year={2019}
}

@inproceedings{sosnovik2020sesn,
  title={Scale-equivariant steerable networks},
  author={Sosnovik, Ivan and Szmaja, Micha{\l} and Smeulders, Arnold},
  booktitle={ICLR},
  year={2020}
}

@inproceedings{sosnovik2021disco,
  title={{DISCO:} accurate Discrete Scale Convolutions},
  author={Sosnovik, Ivan and Moskalev, Artem and Smeulders, Arnold},
  booktitle={BMVC},
  year={2021}
}

@article{jansson2021scale,
  title={Scale-invariant scale-channel networks: Deep networks that generalise to previously unseen scales},
  author={Jansson, Ylva and Lindeberg, Tony},
  journal={IJCV},
  year={2021}
}

@inproceedings{yu2015multi,
  title={Multi-scale context aggregation by dilated convolutions},
  author={Yu, Fisher and Koltun, Vladlen},
  booktitle={ICLR},
  year={2015}
}

@inproceedings{dai2017deformable,
  title={Deformable convolutional networks},
  author={Dai, Jifeng and Qi, Haozhi and Xiong, Yuwen and Li, Yi and Zhang, Guodong and Hu, Han and Wei, Yichen},
  booktitle={ICCV},
  year={2017}
}


%===============================================================================
% Scale Equivariance Applications
%===============================================================================
@inproceedings{sosnovik2021siamese,
  title={Scale equivariance improves siamese tracking},
  author={Sosnovik, Ivan and Moskalev, Artem and Smeulders, Arnold},
  booktitle={WACV},
  year={2021}
}


@inproceedings{worrall2018cubenet,
  title={Cubenet: Equivariance to {\threeD} rotation and translation},
  author={Worrall, Daniel and Brostow, Gabriel},
  booktitle={ECCV},
  year={2018}
}

%===============================================================================
% Learning Equivariances
%===============================================================================
@inproceedings{vaswani2017attention,
  title={Attention is all you need},
  author={Vaswani, Ashish and Shazeer, Noam and Parmar, Niki and Uszkoreit, Jakob and Jones, Llion and Gomez, Aidan and Kaiser, {\L}ukasz and Polosukhin, Illia},
  booktitle={NeurIPS},
  year={2017}
}

@inproceedings{wilk2018learning,
  title={Learning invariances using the marginal likelihood},
  author={Wilk, Mark van der and Bauer, Matthias and John, ST and Hensman, James},
  booktitle={NeurIPS},
  year={2018}
}

@inproceedings{zhou2020meta,
  title={Meta-learning symmetries by reparameterization},
  author={Zhou, Allan and Knowles, Tom and Finn, Chelsea},
  booktitle={ICLR},
  year={2021}
}

@inproceedings{benton2020learning,
  title={Learning invariances in neural networks},
  author={Benton, Gregory and Finzi, Marc and Izmailov, Pavel and Wilson, Andrew},
  booktitle={NeurIPS},
  year={2020}
}

@inproceedings{dosovitskiy2021image,
  title={An image is worth 16x16 words: Transformers for image recognition at scale},
  author={Dosovitskiy, Alexey and Beyer, Lucas and Kolesnikov, Alexander and Weissenborn, Dirk and Zhai, Xiaohua and Unterthiner, Thomas and Dehghani, Mostafa and Minderer, Matthias and Heigold, Georg and Gelly, Sylvain and Uszkoreit, Jakob and Houlsby, Neil},
  booktitle={ICLR},
  year={2021}
}

%===============================================================================
% Generalization
%===============================================================================
@inproceedings{salman2020do,
  title={Do Adversarially Robust ImageNet Models Transfer Better?},
  author={Salman, Hadi and Ilyas, Andrew and Engstrom, Logan and Kapoor, Ashish and Madry, Aleksander},
  booktitle={NeurIPS},
  year={2020}
}

@article{wu2021rethinking,
  title={Rethinking  ``Batch'' in BatchNorm},
  author={Wu, Yuxin and Johnson, Justin},
  journal={arXiv preprint arXiv:2105.07576},
  year={2021}
}

@article{gandikota2021training,
  title={Training or Architecture? How to Incorporate Invariance in Neural Networks},
  author={Gandikota, Kanchana and Geiping, Jonas and L{\"a}hner, Zorah and Czapli{\'n}ski, Adam and Moeller, Michael},
  journal={arXiv preprint arXiv:2106.10044},
  year={2021}
}

%===============================================================================
% Backbones
%===============================================================================
@inproceedings{he2016deep,
  title={Deep residual learning for image recognition},
  author={He, Kaiming and Zhang, Xiangyu and Ren, Shaoqing and Sun, Jian},
  booktitle={CVPR},
  year={2016}
}

@inproceedings{huang2017densely,
  title={Densely connected convolutional networks},
  author={Huang, Gao and Liu, Zhuang and Maaten, Laurens and Weinberger, Kilian},
  booktitle={CVPR},
  year={2017}
}

@inproceedings{yu2018deep,
  title={Deep layer aggregation},
  author={Yu, Fisher and Wang, Dequan and Shelhamer, Evan and Darrell, Trevor},
  booktitle={CVPR},
  year={2018}
}

@inproceedings{tan2020efficientdet,
  title={{EfficientDet}: Scalable and efficient object detection},
  author={Tan, Mingxing and Pang, Ruoming and Le, Quoc},
  booktitle={CVPR},
  year={2020}
}

@inproceedings{liu2021swin,
  title={Swin transformer: Hierarchical vision transformer using shifted windows},
  author={Liu, Ze and Lin, Yutong and Cao, Yue and Hu, Han and Wei, Yixuan and Zhang, Zheng and Lin, Stephen and Guo, Baining},
  booktitle={ICCV},
  year={2021}
}

%===============================================================================
% Misc
%===============================================================================
@article{wang2004image,
  title={Image quality assessment: from error visibility to structural similarity},
  author={Wang, Zhou and Bovik, Alan and Sheikh, Hamid and Simoncelli, Eero},
  journal={TIP},
  year={2004}
}

@inproceedings{chen20153d,
  title={{\threeD} object proposals for accurate object class detection},
  author={Chen, Xiaozhi and Kundu, Kaustav and Zhu, Yukun and Berneshawi, Andrew and Ma, Huimin and Fidler, Sanja and Urtasun, Raquel},
  booktitle={NeurIPS},
  year={2015}
}

@inproceedings{xiang2017subcategory,
  title={Subcategory-aware convolutional neural networks for object proposals and detection},
  author={Xiang, Yu and Choi, Wongun and Lin, Yuanqing and Savarese, Silvio},
  booktitle={WACV},
  year={2017}
}

@inproceedings{moosmann2009segmentation,
  title={Segmentation of {\threeD} {\lidar} data in non-flat urban environments using a local convexity criterion},
  author={Moosmann, Frank and Pink, Oliver and Stiller, Christoph},
  booktitle={Intelligent Vehicles Symposium},
  year={2009}
}

@article{vasile2005pose,
  title={Pose-independent automatic target detection and recognition using {\threeD} laser radar imagery},
  author={Vasile, Alexandru and Marino, Richard},
  journal={Lincoln laboratory journal},
  year={2005}
}

@article{kumar2012estimation,
  title={Estimation of Bandlimited Signals in Additive Gaussian Noise: a" Precision Indifference" Principle},
  author={Kumar, Animesh and Prabhakaran, Vinod},
  journal={arXiv preprint arXiv:1211.6598},
  year={2012}
}

@inproceedings{kumar2013estimation,
  title={Estimation of bandlimited signals from the signs of noisy samples},
  author={Kumar, Animesh and Prabhakaran, Vinod},
  booktitle={ICASSP},
  year={2013}
}

@inproceedings{qi2019amodal,
  title={Amodal instance segmentation with kins dataset},
  author={Qi, Lu and Jiang, Li and Liu, Shu and Shen, Xiaoyong and Jia, Jiaya},
  booktitle={CVPR},
  year={2019}
}

@inproceedings{gaidon2016virtual,
  title={Virtual worlds as proxy for multi-object tracking analysis},
  author={Gaidon, Adrien and Wang, Qiao and Cabon, Yohann and Vig, Eleonora},
  booktitle={CVPR},
  year={2016}
 }

@article{everingham2010pascal,
  title={The pascal visual object classes (voc) challenge},
  author={Everingham, Mark and Van Gool, Luc and Williams, Christopher KI and Winn, John and Zisserman, Andrew},
  journal={IJCV},
  year={2010}
}

@article{hirschmuller2007stereo,
  title={Stereo processing by semiglobal matching and mutual information},
  author={Hirschm{\"u}ller, Heiko},
  journal={TPAMI},
  year={2007}
}

@inproceedings{richter2017playing,
  title={Playing for benchmarks},
  author={Richter, Stephan R and Hayder, Zeeshan and Koltun, Vladlen},
  booktitle={ICCV},
  year={2017}
}

@article{tanke2019bonn,
  title={Bonn activity maps: Dataset description},
  author={Tanke, Julian and Kwon, Oh-Hun and Stotko, Patrick and Rosu, Radu and Weinmann, Michael and Errami, Hassan and Behnke, Sven and Bennewitz, Maren and Klein, Reinhard and Weber, Andreas and others},
  journal={arXiv preprint arXiv:1912.06354},
  year={2019}
}

@inproceedings{kumar2019vpds,
  title={{VPDS}: an {AI}-based automated vehicle occupancy and violation detection system},
  author={Kumar, Abhinav and Gupta, Aishwarya and Santra, Bishal and Lalitha, KS and Kolla, Manasa and Gupta, Mayank and Singh, Rishabh},
  booktitle={IAAI},
  year={2019}
}

@misc{caldwell2022tesla,
  title={2 die when Tesla crashes into parked tractor-trailer in Florida},
  author={Caldwell,Brittany},
  howpublished={\url{https://www.wftv.com/news/local/2-die-when-tesla-crashes-into-parked-tractor-trailer-florida/KJGMHHYTQZA2HNAHWL2OFSVIPM/}},
  note={Accessed: 2023-11-06},
  year={2022}
}

@misc{fernandez2023tesla,
  title={A Tesla driver was killed after smashing into a firetruck on a California highway},
  author={Fernandez,Roshan},
  howpublished={\url{https://www.npr.org/2023/02/20/1158367204/tesla-driver-killed-california-firetruck-nhtsa}},
  note={Accessed: 2023-11-06},
  year={2023}
}

@misc{wu2023talk,
  title={Waymo Keynote talk, {CVPR} Workshop on Autonomous Driving at 17:20},
  author={Wu, Chen},
  year={2023},
  howpublished = {\url{https://www.youtube.com/watch?v=fXsbI2VkHgc}},
  note = {Accessed: 2023-11-11}
}

%===============================================================================
% Mathematical
%===============================================================================
@inproceedings{li2019augmenting,
  author={Li, Tao and Srikumar, Vivek},
  title={Augmenting Neural Networks with First-order Logic},
  booktitle={ACL},
  year={2019}
}

@article{van2020analyzing,
  title={Analyzing Differentiable Fuzzy Logic Operators},
  author={Krieken, Emile and Acar, Erman and Harmelen, Frank},
  journal={arXiv preprint arXiv:2002.06100},
  year={2020}
}

@article{golub2013matrix,
  title={Matrix Computations},
  author={Golub, Gene and Loan, Charles},
  publisher={Johns Hopkins University Press},
  year={2013}
}

@article{birnbaum1942inequality,
  title={An inequality for {Mill's} ratio},
  author={Birnbaum, Zygmunt},
  journal={The Annals of Mathematical Statistics},
  year={1942}
}

@article{leone1961folded,
  title={The folded normal distribution},
  author={Leone, Fred and Nelson, Lloyd and Nottingham, R},
  journal={Technometrics},
  year={1961}
}

@misc{whuber2023product,
  title = {{Product of two uniform random variables}},
  author={Whuber},
  howpublished = {\url{https://stats.stackexchange.com/a/134896}},
  note = {Accessed: 2023-03-17}
}

@article{sola2018micro,
  title={A micro Lie theory for state estimation in robotics},
  author={Sola, Joan and Deray, Jeremie and Atchuthan, Dinesh},
  journal={arXiv preprint arXiv:1812.01537},
  year={2018}
}


%===============================================================================
% SGD Theory
%===============================================================================
@inproceedings{shalev2007pegasos,
  title={Pegasos: Primal estimated sub-gradient solver for {SVM}},
  author={Shalev-Shwartz, Shai and Singer, Yoram and Srebro, Nathan},
  booktitle={ICML},
  year={2007}
}

@article{lacoste2012simpler,
  title={A simpler approach to obtaining an {$\bigO{1/t}$} convergence rate for the projected stochastic subgradient method},
  author={Lacoste-Julien, Simon and Schmidt, Mark and Bach, Francis},
  journal={arXiv preprint arXiv:1212.2002},
  year={2012}
}

%===============================================================================
% Libraries
%===============================================================================
@inproceedings{paszke2017automatic,
  title={Automatic differentiation in PyTorch},
  author={Paszke, Adam and Gross, Sam and Chintala, Soumith and Chanan, Gregory and Yang, Edward and DeVito, Zachary and Lin, Zeming and Desmaison, Alban and Antiga, Luca and Lerer, Adam},
  booktitle={NeurIPS Workshops},
  year={2017}
}

@inproceedings{paszke2019pytorch,
  title={{PyTorch}: An imperative style, high-performance deep learning library},
  author={Paszke, Adam and Gross, Sam and Massa, Francisco and Lerer, Adam and Bradbury, James and Chanan, Gregory and Killeen, Trevor and Lin, Zeming and Gimelshein, Natalia and Antiga, Luca and Desmaison,Alban and Kopf, Andreas and Yang, Edward and DeVito, Zachary and Raison, Martin and Tejani, Alykhan and Chilamkurthy, Sasank and Steiner, Benoit and Fang, Lu and Bai, Junjie and Chintala, Soumith},
  booktitle={NeurIPS},
  year={2019}
}

@inproceedings{kingma2014adam,
  title={Adam: {A} Method for Stochastic Optimization},
  author={Kingma, Diederik and Ba, Jimmy},
  booktitle={ICLR},
  year={2015}
}

@inproceedings{loshchilov2019decoupled,
  title={Decoupled weight decay regularization},
  author={Loshchilov, Ilya and Hutter, Frank},
  booktitle={ICLR},
  year={2019}
}

@misc{mmdet3d2020,
	title={{MMDetection3D: OpenMMLab} next-generation platform for general {\threeD} object detection},
	author={MMDetection3D Contributors},
	howpublished = {\url{https://github.com/open-mmlab/mmdetection3d}},
	year={2020}
}

%===============================================================================
% Driving Datasets
%===============================================================================
@inproceedings{geiger2012we,
  title={Are we ready for autonomous driving? the {KITTI} vision benchmark suite},
  author={Geiger, Andreas and Lenz, Philip and Urtasun, Raquel},
  booktitle={CVPR},
  year={2012}
}

@article{geiger2013vision,
  title={Vision meets robotics: The \kitti~dataset},
  author={Geiger, Andreas and Lenz, Philip and Stiller, Christoph and Urtasun, Raquel},
  journal={IJRR},
  year={2013}
}

@misc{kitti2012benchmark,
  title = {{The \kitti~Vision Benchmark Suite}},
  howpublished = {\url{http://www.cvlibs.net/datasets/kitti/eval_object.php?obj_benchmark=3d}},
  note = {Accessed: 2022-07-03}
}

@inproceedings{cordts2016cityscapes,
  title={The {C}ityscapes dataset for semantic urban scene understanding},
  author={Cordts, Marius and Omran, Mohamed and Ramos, Sebastian and Rehfeld, Timo and Enzweiler, Markus and Benenson, Rodrigo and Franke, Uwe and Roth, Stefan and Schiele, Bernt},
  booktitle={CVPR},
  year={2016}
}

@inproceedings{neuhold2017mapillary,
  title={The mapillary vistas dataset for semantic understanding of street scenes},
  author={Neuhold, Gerhard and Ollmann, Tobias and Bul{\`o}, Samuel and Kontschieder, Peter},
  booktitle={ICCV},
  year={2017}
}

@inproceedings{huang2018apolloscape,
  title={The apolloscape dataset for autonomous driving},
  author={Huang, Xinyu and Cheng, Xinjing and Geng, Qichuan and Cao, Binbin and Zhou, Dingfu and Wang, Peng and Lin, Yuanqing and Yang, Ruigang},
  booktitle={CVPR Workshops},
  year={2018}
}

@article{wang2019apolloscape,
  title={The apolloscape open dataset for autonomous driving and its application},
  author={Wang, Peng and Huang, Xinyu and Cheng, Xinjing and Zhou, Dingfu and Geng, Qichuan and Yang, Ruigang},
  journal={TPAMI},
  year={2019}
}

@inproceedings{varma2019idd,
  title={{IDD}: A dataset for exploring problems of autonomous navigation in unconstrained environments},
  author={Varma, Girish and Subramanian, Anbumani and Namboodiri, Anoop and Chandraker, Manmohan and Jawahar, C},
  booktitle={WACV},
  year={2019}
}

@inproceedings{chang2019argoverse,
  author={Ming-Fang Chang and John W Lambert and Patsorn Sangkloy and Jagjeet Singh
      and Slawomir Bak and Andrew Hartnett and De Wang and Peter Carr
      and Simon Lucey and Deva Ramanan and James Hays},
  title={Argoverse: {\threeD} Tracking and Forecasting with Rich Maps},
  booktitle={CVPR},
  year={2019}
}

@misc{aev2019,
  title={{A2D2: AEV Autonomous Driving Dataset}},
  author={Jakob Geyer and Yohannes Kassahun and Mentar Mahmudi and Xavier Ricou and Rupesh Durgesh and Andrew S. Chung and Lorenz Hauswald and Viet Hoang Pham and Maximilian Mühlegg and Sebastian Dorn and Tiffany Fernandez and Martin Jänicke and Sudesh Mirashi and Chiragkumar Savani and Martin Sturm and Oleksandr Vorobiov and Martin Oelker and Sebastian Garreis and Peter Schuberth},
  year={2019},
  howpublished={\url{http://www.a2d2.audi}}
}

@misc{lyft2019,
  title={Lyft Level 5 AV Dataset 2019},
  author={Kesten, R. and Usman, M. and Houston, J. and Pandya, T. and Nadhamuni, K. and Ferreira, A. and Yuan, M. and Low, B. and Jain, A. and Ondruska, P. and Omari, S. and Shah, S. and Kulkarni, A. and Kazakova, A. and Tao, C. and Platinsky, L. and Jiang, W. and Shet, V.},
  year={2019},
  howpublished={\url{https://level5.lyft.com/dataset/}}
}

@article{pham20193d,
  title={{A*3D} Dataset: Towards Autonomous Driving in Challenging Environments},
  author={Pham, Quang-Hieu and Sevestre, Pierre and Pahwa, Ramanpreet Singh and Zhan, Huijing and Pang, Chun Ho and Chen, Yuda and Mustafa, Armin and Chandrasekhar, Vijay and Lin, Jie},
  journal={arXiv preprint arXiv:1909.07541},
  year={2019}
}

@inproceedings{boxy2019,
  title={Boxy Vehicle Detection in Large Images},
  author={Behrendt, Karsten},
  booktitle={ICCV},
  year={2019}
}

@inproceedings{behley2019semantickitti,
  title={{SemanticKITTI}: A dataset for semantic scene understanding of {\lidar} sequences},
  author={Behley, Jens and Garbade, Martin and Milioto, Andres and Quenzel, Jan and Behnke, Sven and Stachniss, Cyrill and Gall, Jurgen},
  booktitle={ICCV},
  year={2019}
}

@inproceedings{sun2020scalability, 
   title={Scalability in perception for autonomous driving: Waymo open dataset}, 
   author={Sun, Pei and Kretzschmar, Henrik and Dotiwalla, Xerxes and Chouard, Aurelien and Patnaik, Vijaysai and Tsui, Paul and Guo, James and Zhou, Yin and Chai, Yuning and Caine, Benjamin and Vasudevan, Vijay and Han, Wei and Ngiam, Jiquan and Zhao, Hang and Timofeev, Aleksei and Ettinger, Scott and Krivokon, Maxim and Gao, Amy and Joshi, Aditya and Zhang, Yu and Shlens, Jonathon and Chen, Zhifeng and Anguelov, Dragomir
   }, 
   booktitle={CVPR}, 
   year={2020} 
}

@inproceedings{caesar2020nuscenes,
  title={{nuScenes}: A multimodal dataset for autonomous driving},
  author={Caesar, Holger and Bankiti, Varun and Lang, Alex and Vora, Sourabh and Liong, Venice and Xu, Qiang and Krishnan, Anush and Pan, Yu and Baldan, Giancarlo and Beijbom, Oscar},
  booktitle={CVPR},
  year={2020}
}

@inproceedings{guzilini2020packnet,
  title={{\threeD} Packing for Self-Supervised Monocular Depth Estimation},
  author={Vitor Guizilini and Rares Ambrus and Sudeep Pillai and Allan Raventos and Adrien Gaidon},
  booktitle={CVPR},
  year={2020},
}

@article{agarwal2020ford,
  title={Ford Multi-AV Seasonal Dataset},
  author={Agarwal, Siddharth and Vora, Ankit and Pandey, Gaurav and Williams, Wayne and Kourous, Helen and McBride, James},
  journal={arXiv preprint arXiv:2003.07969},
  year={2020}
}

@inproceedings{gahlert2020cityscapes,
  title={Cityscapes {\threeD}: Dataset and Benchmark for 9 {DoF} Vehicle Detection},
  author={G{\"a}hlert, Nils and Jourdan, Nicolas and Cordts, Marius and Franke, Uwe and Denzler, Joachim},
  booktitle={CVPR Workshop on Scalability in Autonomous Driving},
  year={2020}
}

@inproceedings{yu2020bdd100k,
  title={{BDD100K}: A diverse driving dataset for heterogeneous multitask learning},
  author={Yu, Fisher and Chen, Haofeng and Wang, Xin and Xian, Wenqi and Chen, Yingying and Liu, Fangchen and Madhavan, Vashisht and Darrell, Trevor},
  booktitle={CVPR},
  year={2020}
}

@article{wang2020neolix,
  title={The NEOLIX Open Dataset for AutonomousDriving},
  author={Wang, Lichao and Lei, Lanxin and Song, Hongli and Wang, Weibao},
  journal={arXiv preprint arXiv:2011.13528},
  year={2020}
}

@inproceedings{diaz2022ithaca365,
  title={Ithaca365: Dataset and Driving Perception Under Repeated and Challenging Weather Conditions},
  author={Diaz-Ruiz, Carlos and Xia, Youya and You, Yurong and Nino, Jose and Chen, Junan and Monica, Josephine and Chen, Xiangyu and Luo, Katie and Wang, Yan and Emond, Marc and Chao, Wei-Lun  and Hariharan, Bharath and Weinberger, Kilian and Campbell, Mark},
  booktitle={CVPR},
  year={2022}
}

@inproceedings{bijelic2020seeing,
  title={Seeing Through Fog Without Seeing Fog: Deep Multimodal Sensor Fusion in Unseen Adverse Weather},
  author={Bijelic, Mario and Gruber, Tobias and Mannan, Fahim and Kraus, Florian and Ritter, Werner and Dietmayer, Klaus and Heide, Felix},
  booktitle={CVPR},
  year={2020}
}

@inproceedings{weigness2019rugd,
  title={A {\rugd} Dataset for Autonomous Navigation and Visual Perception in Unstructured Outdoor Environments},
  author={Wigness, Maggie and Eum, Sungmin and Rogers, John and Han, David and Kwon, Heesung},
  booktitle={IROS},
  year={2019}
} 

@article{wilson2023argoverse,
  title={Argoverse 2: Next generation datasets for self-driving perception and forecasting},
  author={Wilson, Benjamin and Qi, William and Agarwal, Tanmay and Lambert, John and Singh, Jagjeet and Khandelwal, Siddhesh and Pan, Bowen and Kumar, Ratnesh and Hartnett, Andrew and Pontes, Jhony Kaesemodel and others},
  journal={arXiv preprint arXiv:2301.00493},
  year={2023}
}

@article{liao2022kitti360,
  title={{\kittiThreeSixty}: A novel dataset and benchmarks for urban scene understanding in {\twoD} and {\threeD}},
  author={Liao, Yiyi and Xie, Jun and Geiger, Andreas},
  journal={TPAMI},
  year={2022}
}

@article{gosala2022bev,
  title={Bird’s-Eye-View Panoptic Segmentation Using Monocular Frontal View Images},
  author={Gosala, Nikhil and Valada, Abhinav},
  journal={RAL},
  year={2022}
}

%===============================================================================
% Indoor Datasets
%===============================================================================
@inproceedings{song2015sun,
  title={{SUN RGB-D}: A RGB-D scene understanding benchmark suite},
  author={Song, Shuran and Lichtenberg, Samuel and Xiao, Jianxiong},
  booktitle={CVPR},
  year={2015}
}

@inproceedings{dai2017scannet,
  title={{ScanNet}: Richly-annotated {\threeD} reconstructions of indoor scenes},
  author={Dai, Angela and Chang, Angel and Savva, Manolis and Halber, Maciej and Funkhouser, Thomas and Nie{\ss}ner, Matthias},
  booktitle={CVPR},
  year={2017}
}

%===============================================================================
% Synthetic Datasets
%===============================================================================
@inproceedings{ros2016synthia,
  title={The synthia dataset: A large collection of synthetic images for semantic segmentation of urban scenes},
  author={Ros, German and Sellart, Laura and Materzynska, Joanna and Vazquez, David and Lopez, Antonio M},
  booktitle={CVPR},
  year={2016}
}

@article{wrenninge2018synscapes,
  title={Synscapes: A photorealistic synthetic dataset for street scene parsing},
  author={Wrenninge, Magnus and Unger, Jonas},
  journal={arXiv preprint arXiv:1810.08705},
  year={2018}
}

@article{cabon2020vkitti2,
  title={Virtual {KITTI} 2},
  author={Cabon, Yohann and Murray, Naila and Humenberger, Martin},
  journal={arXiv preprint arXiv:2001.10773},
  year={2020}
}

@article{deitke2022procthor,
  title={{\procThor}: Large-Scale Embodied {AI} Using Procedural Generation},
  author={Deitke, Matt and VanderBilt, Eli and Herrasti, Alvaro and Weihs, Luca and Ehsani, Kiana and Salvador, Jordi and Han, Winson and Kolve, Eric and Kembhavi, Aniruddha and Mottaghi, Roozbeh},
  journal={NeurIPS},
  year={2022}
}


%===============================================================================
% 2D Datasets
%===============================================================================
@article{everingham2010pascal,
  title={The Pascal Visual Object Classes (voc) Challenge},
  author={Everingham, Mark and Van Gool, Luc and Williams, Christopher and Winn, John and Zisserman, Andrew},
  journal={IJCV},
  year={2010}
}

@inproceedings{lin2014microsoft,
  title={Microsoft {COCO}: Common objects in context},
  author={Lin, Tsung-Yi and Maire, Michael and Belongie, Serge and Hays, James and Perona, Pietro and Ramanan, Deva and Doll{\'a}r, Piotr and Zitnick, Lawrence},
  booktitle={ECCV},
  year={2014}
}

@inproceedings{gupta2019lvis,
  title={{LVIS}: A dataset for large vocabulary instance segmentation},
  author={Gupta, Agrim and Doll{\'a}r, Piotr and Girshick, Ross},
  booktitle={CVPR},
  year={2019}
}

@article{kuznetsova2020open,
  title={{The Open Images dataset v4}: Unified image classification, object detection, and visual relationship detection at scale},
  author={Kuznetsova, Alina and Rom, Hassan and Alldrin, Neil and Uijlings, Jasper and Krasin, Ivan and Pont-Tuset, Jordi and Kamali, Shahab and Popov, Stefan and Malloci, Matteo and Kolesnikov, Alexander and others},
  journal={IJCV},
  year={2020}
}

%===============================================================================
% Other Dataset
%===============================================================================
@inproceedings{deng2009imagenet,
  title={{ImageNet}: A large-scale hierarchical image database},
  author={Deng, Jia and Dong, Wei and Socher, Richard and Li, Li-Jia and Li, Kai and Fei-Fei, Li},
  booktitle={CVPR},
  year={2009}
}

@inproceedings{silberman2012indoor,
  title={Indoor segmentation and support inference from rgbd images},
  author={Silberman, Nathan and Hoiem, Derek and Kohli, Pushmeet and Fergus, Rob},
  booktitle={ECCV},
  year={2012}
}

%===============================================================================
% NMS
%===============================================================================
@article{desai2011discriminative,
  title={Discriminative models for multi-class object layout},
  author={Desai, Chaitanya and Ramanan, Deva and Fowlkes, Charless},
  journal={IJCV},
  year={2011}
}

@inproceedings{wan2015end,
  title={End-to-end integration of a convolution network, deformable parts model and non-maximum suppression},
  author={Wan, Li and Eigen, David and Fergus, Rob},
  booktitle={CVPR},
  year={2015}
}

@inproceedings{rujikietgumjorn2013optimized,
  title={Optimized pedestrian detection for multiple and occluded people},
  author={Rujikietgumjorn, Sitapa and Collins, Robert},
  booktitle={CVPR},
  year={2013}
}

@inproceedings{lee2016individualness,
  title={Individualness and determinantal point processes for pedestrian detection},
  author={Lee, Donghoon and Cha, Geonho and Yang, Ming-Hsuan and Oh, Songhwai},
  booktitle={ECCV},
  year={2016}
}

@inproceedings{zhang2016unconstrained,
  title={Unconstrained salient object detection via proposal subset optimization},
  author={Zhang, Jianming and Sclaroff, Stan and Lin, Zhe and Shen, Xiaohui and Price, Brian and Mech, Radomir},
  booktitle={CVPR},
  year={2016}
}

@inproceedings{henderson2016end,
  title={End-to-end training of object class detectors for mean average precision},
  author={Henderson, Paul and Ferrari, Vittorio},
  booktitle={ACCV},
  year={2016}
}

@inproceedings{hosang2016convnet,
  title={A convnet for non-maximum suppression},
  author={Hosang, Jan and Benenson, Rodrigo and Schiele, Bernt},
  booktitle={GCPR},
  year={2016}
}

@inproceedings{prokudin2017learning,
  title={Learning To Filter Object Detections},
  author={Prokudin, Sergey and Kappler, Daniel and Nowozin, Sebastian and Gehler, Peter},
  booktitle={GCPR},
  year={2017}
}

@inproceedings{hosang2017learning,
  title={Learning non-maximum suppression},
  author={Hosang, Jan and Benenson, Rodrigo and Schiele, Bernt},
  booktitle={CVPR},
  year={2017}
}

@inproceedings{azadi2017learning,
  title={Learning detection with diverse proposals},
  author={Azadi, Samaneh and Feng, Jiashi and Darrell, Trevor},
  booktitle={CVPR},
  year={2017}
}

@inproceedings{bodla2017soft,
  title={{Soft-NMS}--improving object detection with one line of code},
  author={Bodla, Navaneeth and Singh, Bharat and Chellappa, Rama and Davis, Larry},
  booktitle={ICCV},
  year={2017}
}

@misc{bodla2017rebuttal,
  title={{Soft-NMS} {R}ebuttal},
  author={Bodla, Navaneeth and Singh, Bharat and Chellappa, Rama and Davis, Larry},
  howpublished = {\url{http://www.cs.umd.edu/~bharat/rebuttal.html}},
  year={2017},
  note={Accessed: 2021-01-18}
}
  
@misc{bodla2017code,
  title={{Soft-NMS} Implementation},
  author={Bodla, Navaneeth and Singh, Bharat and Chellappa, Rama and Davis, Larry},
  howpublished = {\url{https://github.com/bharatsingh430/soft-nms/blob/master/lib/nms/cpu_nms.pyx\#L98}},
  year={2017},
  note={Accessed: 2021-01-18}
}

@inproceedings{tychsen2018improving,
  title={Improving object localization with fitness {NMS} and bounded {\iou} loss},
  author={Tychsen-Smith, Lachlan and Petersson, Lars},
  booktitle={CVPR},
  year={2018}
}

@inproceedings{liu2019adaptive,
  title={Adaptive {NMS}: Refining pedestrian detection in a crowd},
  author={Liu, Songtao and Huang, Di and Wang, Yunhong},
  booktitle={CVPR},
  year={2019}
}

@inproceedings{gaehlert2019vg,
  title={Visibility Guided {NMS}: Efficient Boosting of Amodal Object Detection in Crowded Traffic Scenes},
  author={G{\"{a}}hlert, Nils and Hanselmann, Niklas and Franke, Uwe and Denzler, Joachim},
  booktitle={NeurIPS Workshops},
  year={2019}
}

@inproceedings{some2020determinantal,
  title={Determinantal Point Process as an alternative to {NMS}},
  author={Some, Samik and Gupta, Mithun Das and Namboodiri, Vinay},
  booktitle={BMVC},
  year={2020}
}

%===============================================================================
% Generalized IoU Functions
%===============================================================================
@inproceedings{zhou2019iou,
  title={{\iou} loss for {\twoD/\threeD} object detection},
  author={Zhou, Dingfu and Fang, Jin and Song, Xibin and Guan, Chenye and Yin, Junbo and Dai, Yuchao and Yang, Ruigang},
  booktitle={3DV},
  year={2019}
}

@inproceedings{rezatofighi2019generalized,
  title={Generalized intersection over union: A metric and a loss for bounding box regression},
  author={Rezatofighi, Hamid and Tsoi, Nathan and Gwak, JunYoung and Sadeghian, Amir and Reid, Ian and Savarese, Silvio},
  booktitle={CVPR},
  year={2019}
}

@inproceedings{zheng2020rotation,
  title={Rotation-robust Intersection over Union for {\threeD} Object Detection},
  author={Zheng, Yu and Zhang, Danyang and Xie, Sinan and Lu, Jiwen and Zhou, Jie},
  booktitle={ECCV},
  year={2020}
}

%===============================================================================
% AP Based Loss Functions
%===============================================================================
@inproceedings{burges2006learning,
  title={Learning to rank with nonsmooth cost functions},
  author={Burges, Christopher and Ragno, Robert and Le, Quoc},
  booktitle={NeurIPS},
  year={2006}
}

@inproceedings{yue2007support,
  title={A support vector method for optimizing average precision},
  author={Yue, Yisong and Finley, Thomas and Radlinski, Filip and Joachims, Thorsten},
  booktitle={SIGIR},
  year={2007}
}

@inproceedings{cuturi2019differentiable,
  title={Differentiable Ranks and Sorting using Optimal Transport},
  author={Cuturi, Marco and Teboul, Olivier and Vert, Jean-Philippe},
  booktitle={NeurIPS},
  year={2019}
}

@inproceedings{poganvcic2019differentiation,
  title={Differentiation of Blackbox Combinatorial Solvers},
  author={Pogan{\v{c}}i{\'c}, Marin and Paulus, Anselm and Musil, Vit and Martius, Georg and Rolinek, Michal},
  booktitle={ICLR},
  year={2019}
}

@inproceedings{blondel2020fast,
  title={Fast Differentiable Sorting and Ranking},
  author={Blondel, Mathieu and Teboul, Olivier and Berthet, Quentin and Djolonga, Josip},
  booktitle={ICML},
  year={2020}
}

@inproceedings{prillo2020softsort,
  title={SoftSort: A Continuous Relaxation for the argsort Operator},
  author={Prillo, Sebastian and Eisenschlos, Julian},
  booktitle={ICML},
  year={2020}
}

@inproceedings{berthet2020learning,
  title={Learning with differentiable perturbed optimizers},
  author={Berthet, Quentin and Blondel, Mathieu and Teboul, Olivier and Cuturi, Marco and Vert, Jean-Philippe and Bach, Francis},
  booktitle={NeurIPS},
  year={2020}
}

@inproceedings{paulus2020gradient,
  title={Gradient Estimation with Stochastic Softmax Tricks},
  author={Paulus, Max and Choi, Dami and Tarlow, Daniel and Krause, Andreas and Maddison, Chris},
  booktitle={NeurIPS},
  year={2020}
}

@inproceedings{mohapatra2018efficient,
  title={Efficient optimization for rank-based loss functions},
  author={Mohapatra, Pritish and Rolinek, Michal and Jawahar, CV and Kolmogorov, Vladimir and Pawan Kumar, M},
  booktitle={CVPR},
  year={2018}
}

@inproceedings{cakir2019deep,
  title={Deep metric learning to rank},
  author={Cakir, Fatih and He, Kun and Xia, Xide and Kulis, Brian and Sclaroff, Stan},
  booktitle={CVPR},
  year={2019}
}

@inproceedings{engilberge2019sodeep,
  title={{SoDeep}: a Sorting Deep net to learn ranking loss surrogates},
  author={Engilberge, Martin and Chevallier, Louis and P{\'e}rez, Patrick and Cord, Matthieu},
  booktitle={CVPR},
  year={2019}
}

@article{chen2020ap,
  title={{AP-Loss} for Accurate One-Stage Object Detection},
  author={Chen, Kean and Lin, Weiyao and Li, Jianguo and See, John and Wang, Ji and Zou, Junni},
  journal={TPAMI},
  year={2020}
}

@inproceedings{rolinek2020optimizing,
  title={Optimizing Rank-based Metrics with Blackbox Differentiation},
  author={Rol{\'\i}nek, Michal and Musil, V{\'\i}t and Paulus, Anselm and Vlastelica, Marin and Michaelis, Claudio and Martius, Georg},
  booktitle={CVPR},
  year={2020}
}

%===============================================================================
% Kalman Filtering
%===============================================================================
@article{welch1995introduction,
  title={An introduction to the Kalman filter},
  author={Welch, Greg and Bishop, Gary},
  year={1995},
  publisher={Chapel Hill, NC, USA}
}

@article{bishop2001introduction,
  title={An introduction to the kalman filter},
  author={Bishop, Gary and Welch, Greg},
  journal={Proc of SIGGRAPH, Course},
  year={2001}
}

%===============================================================================
% Optics
%===============================================================================
@book{hecht2016optics,
  title={Optics},
  author={Hecht, Eugene},
  year={2016},
  publisher={Pearson}
}

@article{crawshaw2020multi,
  title={Multi-task learning with deep neural networks: A survey},
  author={Crawshaw, Michael},
  journal={arXiv preprint arXiv:2009.09796},
  year={2020}
}
